<?xml version="1.0" encoding="UTF-8"?>
<!DOCTYPE html PUBLIC "-//W3C//DTD XHTML 1.0 Transitional//EN"
    "http://www.w3.org/TR/xhtml1/DTD/xhtml1-transitional.dtd">
<html xmlns="http://www.w3.org/1999/xhtml" xml:lang="en" lang="en">
 <head>
  <title>
</title>
<meta http-equiv="Content-Type" content="text/html;charset=utf-8" />
  <meta name='ocr-system' content='tesseract 3.04.00' />
  <meta name='ocr-capabilities' content='ocr_page ocr_carea ocr_par ocr_line ocrx_word'/>
</head>
<body>
  <div class='ocr_page' id='page_1' title='image "./titiliviiaburbe01heergoog/titiliviiaburbe01heergoog_0272.png"; bbox 0 0 3009 4959; ppageno 0'>
   <div class='ocr_carea' id='block_1_1' title="bbox 300 376 916 447">
    <p class='ocr_par' dir='ltr' id='par_1_1' title="bbox 300 376 916 447">
     <span class='ocr_line' id='line_1_1' title="bbox 300 376 916 447; baseline 0.01 -6"><span class='ocrx_word' id='word_1_1' title='bbox 300 376 368 442; x_wconf 73' lang='lat'>254</span> <span class='ocrx_word' id='word_1_2' title='bbox 638 428 643 435; x_wconf 80' lang='lat'>.</span> <span class='ocrx_word' id='word_1_3' title='bbox 694 382 711 437; x_wconf 92' lang='grc'>.’</span> <span class='ocrx_word' id='word_1_4' title='bbox 727 378 804 445; x_wconf 76' lang='lat' dir='ltr'>tint</span> <span class='ocrx_word' id='word_1_5' title='bbox 824 376 916 447; x_wconf 78' lang='lat' dir='ltr'>tivit</span> 
     </span>
    </p>
   </div>
   <div class='ocr_carea' id='block_1_2' title="bbox 249 534 1345 803">
    <p class='ocr_par' dir='ltr' id='par_1_2' title="bbox 249 534 1345 803">
     <span class='ocr_line' id='line_1_2' title="bbox 249 534 1345 624; baseline 0.008 -26"><span class='ocrx_word' id='word_1_6' title='bbox 249 542 285 599; x_wconf 90' lang='lat'>10</span> <span class='ocrx_word' id='word_1_7' title='bbox 301 549 346 605; x_wconf 85' lang='lat' dir='ltr'>tes</span> <span class='ocrx_word' id='word_1_8' title='bbox 366 540 405 605; x_wconf 80' lang='lat' dir='ltr'>ab</span> <span class='ocrx_word' id='word_1_9' title='bbox 425 541 515 610; x_wconf 75' lang='lat' dir='ltr'>beate.</span> <span class='ocrx_word' id='word_1_10' title='bbox 557 541 640 615; x_wconf 79' lang='lat' dir='ltr'>oret</span> <span class='ocrx_word' id='word_1_11' title='bbox 667 557 759 605; x_wconf 88' lang='lat' dir='ltr'>casus</span> <span class='ocrx_word' id='word_1_12' title='bbox 790 542 950 605; x_wconf 84' lang='lat' dir='ltr'>exercitus</span> <span class='ocrx_word' id='word_1_13' title='bbox 972 538 1048 605; x_wconf 88' lang='lat' dir='ltr'>vieti</span> <span class='ocrx_word' id='word_1_14' title='bbox 1070 534 1211 624; x_wconf 83' lang='lat' dir='ltr'>inerant,</span> <span class='ocrx_word' id='word_1_15' title='bbox 1242 544 1345 607; x_wconf 89' lang='lat' dir='ltr'>tutin</span> 
     </span>
     <span class='ocr_line' id='line_1_3' title="bbox 266 630 1344 714; baseline 0.004 -22"><span class='ocrx_word' id='word_1_16' title='bbox 266 644 288 677; x_wconf 83' lang='lat'><strong>·</strong></span> <span class='ocrx_word' id='word_1_17' title='bbox 303 649 395 695; x_wconf 86' lang='lat' dir='ltr'>curas</span> <span class='ocrx_word' id='word_1_18' title='bbox 418 631 570 713; x_wconf 88' lang='lat' dir='ltr'>dispertiti</span> <span class='ocrx_word' id='word_1_19' title='bbox 593 630 686 694; x_wconf 79' lang='lat' dir='ltr'>ammi</span> <span class='ocrx_word' id='word_1_20' title='bbox 704 648 814 695; x_wconf 86' lang='lat' dir='ltr'>eorum</span> <span class='ocrx_word' id='word_1_21' title='bbox 834 637 932 711; x_wconf 86' lang='lat' dir='ltr'>erant,</span> <span class='ocrx_word' id='word_1_22' title='bbox 951 648 1083 712; x_wconf 87' lang='lat' dir='ltr'>quornm</span> <span class='ocrx_word' id='word_1_23' title='bbox 1101 632 1267 714; x_wconf 82' lang='lat' dir='ltr'>propinqui</span> <span class='ocrx_word' id='word_1_24' title='bbox 1285 632 1344 696; x_wconf 85' lang='lat' dir='ltr'>sub</span> 
     </span>
     <span class='ocr_line' id='line_1_4' title="bbox 302 718 1344 803; baseline 0.002 -20"><span class='ocrx_word' id='word_1_25' title='bbox 302 718 335 783; x_wconf 79' lang='grc' dir='ltr'>Ο.</span> <span class='ocrx_word' id='word_1_26' title='bbox 351 720 500 786; x_wconf 81' lang='lat' dir='ltr'>Flaminio</span> <span class='ocrx_word' id='word_1_27' title='bbox 523 720 654 785; x_wconf 86' lang='lat' dir='ltr'>consule</span> <span class='ocrx_word' id='word_1_28' title='bbox 675 727 866 800; x_wconf 87' lang='lat' dir='ltr'>meruerant,</span> <span class='ocrx_word' id='word_1_29' title='bbox 890 720 1110 803; x_wconf 85' lang='lat' dir='ltr'>ignorantium,</span> <span class='ocrx_word' id='word_1_30' title='bbox 1134 736 1216 801; x_wconf 85' lang='lat' dir='ltr'>quae</span> <span class='ocrx_word' id='word_1_31' title='bbox 1240 722 1344 787; x_wconf 89' lang='lat' dir='ltr'>cuius-</span> 
     </span>
    </p>
   </div>
   <div class='ocr_carea' id='block_1_3' title="bbox 247 810 1347 2233">
    <p class='ocr_par' dir='ltr' id='par_1_3' title="bbox 247 810 1347 2233">
     <span class='ocr_line' id='line_1_5' title="bbox 303 810 1344 891; baseline 0.003 -20"><span class='ocrx_word' id='word_1_32' title='bbox 303 826 365 889; x_wconf 88' lang='lat' dir='ltr'>qne</span> <span class='ocrx_word' id='word_1_33' title='bbox 394 828 522 876; x_wconf 87' lang='lat' dir='ltr'>suerum</span> <span class='ocrx_word' id='word_1_34' title='bbox 544 810 668 873; x_wconf 81' lang='lat' dir='ltr'>fortuna</span> <span class='ocrx_word' id='word_1_35' title='bbox 698 816 801 872; x_wconf 85' lang='lat' dir='ltr'>esset:</span> <span class='ocrx_word' id='word_1_36' title='bbox 834 826 894 872; x_wconf 90' lang='lat' dir='ltr'>nec</span> <span class='ocrx_word' id='word_1_37' title='bbox 924 810 1086 891; x_wconf 88' lang='lat' dir='ltr'>quisquam</span> <span class='ocrx_word' id='word_1_38' title='bbox 1116 812 1192 873; x_wconf 84' lang='lat' dir='ltr'>satis</span> <span class='ocrx_word' id='word_1_39' title='bbox 1223 818 1344 874; x_wconf 85' lang='lat' dir='ltr'>eertum</span> 
     </span>
     <span class='ocr_line' id='line_1_6' title="bbox 247 896 1344 982; baseline 0 -20"><span class='ocrx_word' id='word_1_40' title='bbox 247 899 284 962; x_wconf 78' lang='lat' dir='ltr'>at</span> <span class='ocrx_word' id='word_1_41' title='bbox 302 896 411 982; x_wconf 86' lang='lat' dir='ltr'>habet,</span> <span class='ocrx_word' id='word_1_42' title='bbox 442 899 517 981; x_wconf 93' lang='lat' dir='ltr'>quid</span> <span class='ocrx_word' id='word_1_43' title='bbox 539 906 592 962; x_wconf 90' lang='lat' dir='ltr'>aut</span> <span class='ocrx_word' id='word_1_44' title='bbox 614 906 721 980; x_wconf 79' lang='lat' dir='ltr'><strong>speret</strong></span> <span class='ocrx_word' id='word_1_45' title='bbox 742 906 797 961; x_wconf 88' lang='lat' dir='ltr'>aut</span> <span class='ocrx_word' id='word_1_46' title='bbox 817 899 935 961; x_wconf 85' lang='lat' dir='ltr'>timeat.</span> <span class='ocrx_word' id='word_1_47' title='bbox 981 898 1110 961; x_wconf 87' lang='lat' dir='ltr'>Postero</span> <span class='ocrx_word' id='word_1_48' title='bbox 1133 916 1171 961; x_wconf 90' lang='lat' dir='ltr'>ac</span> <span class='ocrx_word' id='word_1_49' title='bbox 1194 899 1344 982; x_wconf 75' lang='lat' dir='ltr'><strong>deinceps</strong></span> 
     </span>
     <span class='ocr_line' id='line_1_7' title="bbox 269 987 1345 1070; baseline 0.003 -21"><span class='ocrx_word' id='word_1_50' title='bbox 269 1050 281 1061; x_wconf 77' lang='grc'><strong>,</strong></span> <span class='ocrx_word' id='word_1_51' title='bbox 303 987 422 1070; x_wconf 77' lang='lat' dir='ltr'>aliquot</span> <span class='ocrx_word' id='word_1_52' title='bbox 444 988 554 1051; x_wconf 90' lang='lat' dir='ltr'>diebus</span> <span class='ocrx_word' id='word_1_53' title='bbox 576 987 743 1070; x_wconf 84' lang='lat' dir='ltr'>adportas</span> <span class='ocrx_word' id='word_1_54' title='bbox 766 988 864 1051; x_wconf 86' lang='lat' dir='ltr'>maior</span> <span class='ocrx_word' id='word_1_55' title='bbox 882 1004 979 1069; x_wconf 87' lang='lat' dir='ltr'>prope</span> <span class='ocrx_word' id='word_1_56' title='bbox 1002 987 1166 1050; x_wconf 87' lang='lat' dir='ltr'>mulierum</span> <span class='ocrx_word' id='word_1_57' title='bbox 1190 1006 1282 1070; x_wconf 79' lang='lat' dir='ltr'>quem</span> <span class='ocrx_word' id='word_1_58' title='bbox 1300 991 1345 1052; x_wconf 87' lang='lat' dir='ltr'>vi·</span> 
     </span>
     <span class='ocr_line' id='line_1_8' title="bbox 303 1076 1345 1157; baseline 0.003 -19"><span class='ocrx_word' id='word_1_59' title='bbox 303 1093 410 1141; x_wconf 87' lang='lat' dir='ltr'>rorum</span> <span class='ocrx_word' id='word_1_60' title='bbox 432 1078 595 1141; x_wconf 87' lang='lat' dir='ltr'>multitude</span> <span class='ocrx_word' id='word_1_61' title='bbox 623 1079 709 1140; x_wconf 89' lang='lat' dir='ltr'>stetit</span> <span class='ocrx_word' id='word_1_62' title='bbox 742 1085 796 1140; x_wconf 86' lang='lat' dir='ltr'>aut</span> <span class='ocrx_word' id='word_1_63' title='bbox 824 1094 952 1141; x_wconf 89' lang='lat' dir='ltr'>suorum</span> <span class='ocrx_word' id='word_1_64' title='bbox 980 1076 1115 1157; x_wconf 82' lang='lat' dir='ltr'>aliquem</span> <span class='ocrx_word' id='word_1_65' title='bbox 1145 1084 1198 1140; x_wconf 84' lang='lat' dir='ltr'>aut</span> <span class='ocrx_word' id='word_1_66' title='bbox 1220 1079 1345 1141; x_wconf 89' lang='lat' dir='ltr'>nuntios</span> 
     </span>
     <span class='ocr_line' id='line_1_9' title="bbox 304 1164 1346 1250; baseline 0.003 -24"><span class='ocrx_word' id='word_1_67' title='bbox 304 1164 344 1231; x_wconf 92' lang='lat' dir='ltr'>de</span> <span class='ocrx_word' id='word_1_68' title='bbox 367 1169 406 1232; x_wconf 91' lang='lat' dir='ltr'>iis</span> <span class='ocrx_word' id='word_1_69' title='bbox 429 1168 613 1250; x_wconf 74' lang='lat' dir='ltr'>opperiens,</span> <span class='ocrx_word' id='word_1_70' title='bbox 643 1165 1036 1247; x_wconf 79' lang='lat' dir='ltr'>circumfundebanturque</span> <span class='ocrx_word' id='word_1_71' title='bbox 1063 1165 1162 1230; x_wconf 86' lang='lat' dir='ltr'>obviis</span> <span class='ocrx_word' id='word_1_72' title='bbox 1185 1167 1346 1230; x_wconf 87' lang='lat' dir='ltr'>sciscitan-</span> 
     </span>
     <span class='ocr_line' id='line_1_10' title="bbox 301 1254 1345 1339; baseline 0 -18"><span class='ocrx_word' id='word_1_73' title='bbox 301 1259 351 1321; x_wconf 87' lang='lat' dir='ltr'>tes</span> <span class='ocrx_word' id='word_1_74' title='bbox 372 1274 478 1339; x_wconf 90' lang='lat' dir='ltr'>neque</span> <span class='ocrx_word' id='word_1_75' title='bbox 494 1258 598 1339; x_wconf 89' lang='lat' dir='ltr'>avelli,</span> <span class='ocrx_word' id='word_1_76' title='bbox 622 1257 730 1339; x_wconf 90' lang='lat' dir='ltr'>utique</span> <span class='ocrx_word' id='word_1_77' title='bbox 747 1254 784 1319; x_wconf 91' lang='lat' dir='ltr'>ab</span> <span class='ocrx_word' id='word_1_78' title='bbox 804 1258 894 1335; x_wconf 84' lang='lat' dir='ltr'>nutis,</span> <span class='ocrx_word' id='word_1_79' title='bbox 914 1258 1093 1338; x_wconf 80' lang='lat' dir='ltr'>priusquam</span> <span class='ocrx_word' id='word_1_80' title='bbox 1111 1256 1223 1319; x_wconf 89' lang='lat' dir='ltr'>ordine</span> <span class='ocrx_word' id='word_1_81' title='bbox 1241 1258 1345 1321; x_wconf 89' lang='lat' dir='ltr'>omnia</span> 
     </span>
     <span class='ocr_line' id='line_1_11' title="bbox 251 1344 1345 1430; baseline 0.003 -23"><span class='ocrx_word' id='word_1_82' title='bbox 251 1350 286 1407; x_wconf 78' lang='lat'>12</span> <span class='ocrx_word' id='word_1_83' title='bbox 303 1348 515 1430; x_wconf 81' lang='lat' dir='ltr'>inquisissent,</span> <span class='ocrx_word' id='word_1_84' title='bbox 538 1354 693 1428; x_wconf 85' lang='lat' dir='ltr'>poterant.</span> <span class='ocrx_word' id='word_1_85' title='bbox 739 1345 815 1409; x_wconf 92' lang='lat' dir='ltr'>lude</span> <span class='ocrx_word' id='word_1_86' title='bbox 837 1346 941 1408; x_wconf 86' lang='lat' dir='ltr'>varios</span> <span class='ocrx_word' id='word_1_87' title='bbox 972 1345 1076 1409; x_wconf 81' lang='lat' dir='ltr'>vultus</span> <span class='ocrx_word' id='word_1_88' title='bbox 1106 1344 1345 1429; x_wconf 80' lang='lat' dir='ltr'>digredientium</span> 
     </span>
     <span class='ocr_line' id='line_1_12' title="bbox 304 1435 1347 1517; baseline -0.001 -17"><span class='ocrx_word' id='word_1_89' title='bbox 304 1436 343 1500; x_wconf 90' lang='lat' dir='ltr'>ab</span> <span class='ocrx_word' id='word_1_90' title='bbox 374 1439 489 1501; x_wconf 88' lang='lat' dir='ltr'>nuntiis</span> <span class='ocrx_word' id='word_1_91' title='bbox 519 1452 688 1517; x_wconf 92' lang='lat' dir='ltr'>cerneres,</span> <span class='ocrx_word' id='word_1_92' title='bbox 720 1442 756 1498; x_wconf 92' lang='lat' dir='ltr'>ut</span> <span class='ocrx_word' id='word_1_93' title='bbox 787 1435 900 1517; x_wconf 89' lang='lat' dir='ltr'>cuique</span> <span class='ocrx_word' id='word_1_94' title='bbox 935 1435 1019 1498; x_wconf 83' lang='lat' dir='ltr'>laeta</span> <span class='ocrx_word' id='word_1_95' title='bbox 1050 1441 1103 1497; x_wconf 88' lang='lat' dir='ltr'>aut</span> <span class='ocrx_word' id='word_1_96' title='bbox 1137 1436 1238 1499; x_wconf 89' lang='lat' dir='ltr'>tristia</span> <span class='ocrx_word' id='word_1_97' title='bbox 1268 1454 1347 1499; x_wconf 92' lang='lat' dir='ltr'>nun·</span> 
     </span>
     <span class='ocr_line' id='line_1_13' title="bbox 306 1522 1346 1609; baseline 0.001 -21"><span class='ocrx_word' id='word_1_98' title='bbox 306 1526 471 1607; x_wconf 85' lang='lat' dir='ltr'>tiabantur,</span> <span class='ocrx_word' id='word_1_99' title='bbox 490 1526 746 1609; x_wconf 78' lang='lat' dir='ltr'>gratulantesque</span> <span class='ocrx_word' id='word_1_100' title='bbox 769 1531 823 1588; x_wconf 88' lang='lat' dir='ltr'>aut</span> <span class='ocrx_word' id='word_1_101' title='bbox 845 1524 1043 1589; x_wconf 89' lang='lat' dir='ltr'>consolantes</span> <span class='ocrx_word' id='word_1_102' title='bbox 1065 1522 1269 1589; x_wconf 85' lang='lat' dir='ltr'>redeuntibus</span> <span class='ocrx_word' id='word_1_103' title='bbox 1292 1525 1346 1589; x_wconf 89' lang='lat' dir='ltr'>de·</span> 
     </span>
     <span class='ocr_line' id='line_1_14' title="bbox 305 1614 1346 1698; baseline 0 -21"><span class='ocrx_word' id='word_1_104' title='bbox 305 1632 373 1679; x_wconf 87' lang='lat' dir='ltr'>mes</span> <span class='ocrx_word' id='word_1_105' title='bbox 404 1616 619 1679; x_wconf 83' lang='lat' dir='ltr'>circumfusos.</span> <span class='ocrx_word' id='word_1_106' title='bbox 672 1614 868 1678; x_wconf 80' lang='lat' dir='ltr'>Feminarum</span> <span class='ocrx_word' id='word_1_107' title='bbox 895 1615 1064 1697; x_wconf 80' lang='lat' dir='ltr'>praecipue</span> <span class='ocrx_word' id='word_1_108' title='bbox 1100 1622 1131 1678; x_wconf 90' lang='lat' dir='ltr'>et</span> <span class='ocrx_word' id='word_1_109' title='bbox 1158 1614 1271 1698; x_wconf 81' lang='lat' dir='ltr'>gaudia</span> <span class='ocrx_word' id='word_1_110' title='bbox 1301 1616 1346 1678; x_wconf 90' lang='lat' dir='ltr'>in-</span> 
     </span>
     <span class='ocr_line' id='line_1_15' title="bbox 254 1704 1346 1789; baseline 0.003 -26"><span class='ocrx_word' id='word_1_111' title='bbox 254 1706 289 1763; x_wconf 85' lang='lat'>13</span> <span class='ocrx_word' id='word_1_112' title='bbox 307 1705 407 1789; x_wconf 82' lang='lat' dir='ltr'>signia</span> <span class='ocrx_word' id='word_1_113' title='bbox 431 1712 520 1768; x_wconf 85' lang='lat' dir='ltr'>erant</span> <span class='ocrx_word' id='word_1_114' title='bbox 541 1712 574 1767; x_wconf 92' lang='lat' dir='ltr'>et</span> <span class='ocrx_word' id='word_1_115' title='bbox 596 1706 708 1768; x_wconf 89' lang='lat' dir='ltr'>luctus.</span> <span class='ocrx_word' id='word_1_116' title='bbox 753 1704 850 1767; x_wconf 87' lang='lat' dir='ltr'>Unam</span> <span class='ocrx_word' id='word_1_117' title='bbox 881 1704 912 1765; x_wconf 93' lang='lat' dir='ltr'>in</span> <span class='ocrx_word' id='word_1_118' title='bbox 935 1704 1000 1785; x_wconf 89' lang='lat' dir='ltr'>ipsa</span> <span class='ocrx_word' id='word_1_119' title='bbox 1027 1710 1115 1785; x_wconf 83' lang='lat' dir='ltr'>porta</span> <span class='ocrx_word' id='word_1_120' title='bbox 1147 1704 1254 1785; x_wconf 86' lang='lat' dir='ltr'>sospiti</span> <span class='ocrx_word' id='word_1_121' title='bbox 1282 1704 1346 1767; x_wconf 87' lang='lat' dir='ltr'>iilic</span> 
     </span>
     <span class='ocr_line' id='line_1_16' title="bbox 307 1792 1345 1876; baseline -0.003 -17"><span class='ocrx_word' id='word_1_122' title='bbox 307 1802 438 1876; x_wconf 90' lang='lat' dir='ltr'>repente</span> <span class='ocrx_word' id='word_1_123' title='bbox 462 1794 594 1858; x_wconf 86' lang='lat' dir='ltr'>oblatam</span> <span class='ocrx_word' id='word_1_124' title='bbox 617 1795 650 1858; x_wconf 92' lang='lat' dir='ltr'>in</span> <span class='ocrx_word' id='word_1_125' title='bbox 668 1794 834 1875; x_wconf 87' lang='lat' dir='ltr'>complexu</span> <span class='ocrx_word' id='word_1_126' title='bbox 853 1794 922 1857; x_wconf 90' lang='lat' dir='ltr'>eius</span> <span class='ocrx_word' id='word_1_127' title='bbox 946 1794 1123 1875; x_wconf 87' lang='lat' dir='ltr'>exspirasse</span> <span class='ocrx_word' id='word_1_128' title='bbox 1147 1792 1270 1875; x_wconf 79' lang='lat' dir='ltr'>lerunt3</span> <span class='ocrx_word' id='word_1_129' title='bbox 1300 1792 1345 1857; x_wconf 81' lang='lat' dir='ltr'>sl-</span> 
     </span>
     <span class='ocr_line' id='line_1_17' title="bbox 307 1882 1347 1966; baseline -0.003 -19"><span class='ocrx_word' id='word_1_130' title='bbox 307 1891 416 1966; x_wconf 86' lang='lat' dir='ltr'>teram,</span> <span class='ocrx_word' id='word_1_131' title='bbox 440 1885 492 1947; x_wconf 90' lang='lat' dir='ltr'>cui</span> <span class='ocrx_word' id='word_1_132' title='bbox 513 1900 597 1947; x_wconf 87' lang='lat' dir='ltr'>mers</span> <span class='ocrx_word' id='word_1_133' title='bbox 619 1884 673 1946; x_wconf 87' lang='lat' dir='ltr'>dlii</span> <span class='ocrx_word' id='word_1_134' title='bbox 697 1884 776 1946; x_wconf 86' lang='lat' dir='ltr'>falso</span> <span class='ocrx_word' id='word_1_135' title='bbox 800 1884 938 1945; x_wconf 86' lang='lat' dir='ltr'>nuntiata</span> <span class='ocrx_word' id='word_1_136' title='bbox 962 1890 1039 1963; x_wconf 91' lang='lat' dir='ltr'>erat,</span> <span class='ocrx_word' id='word_1_137' title='bbox 1062 1888 1211 1945; x_wconf 90' lang='lat' dir='ltr'>maestam</span> <span class='ocrx_word' id='word_1_138' title='bbox 1234 1882 1347 1945; x_wconf 88' lang='lat' dir='ltr'>seden-</span> 
     </span>
     <span class='ocr_line' id='line_1_18' title="bbox 306 1971 1346 2055; baseline -0.003 -19"><span class='ocrx_word' id='word_1_139' title='bbox 306 1981 370 2037; x_wconf 91' lang='lat' dir='ltr'>tem</span> <span class='ocrx_word' id='word_1_140' title='bbox 394 1973 476 2036; x_wconf 87' lang='lat' dir='ltr'>dcmi</span> <span class='ocrx_word' id='word_1_141' title='bbox 505 1973 544 2036; x_wconf 91' lang='lat' dir='ltr'>ad</span> <span class='ocrx_word' id='word_1_142' title='bbox 572 1974 703 2055; x_wconf 92' lang='lat' dir='ltr'>primum</span> <span class='ocrx_word' id='word_1_143' title='bbox 727 1979 928 2053; x_wconf 88' lang='lat' dir='ltr'>conspectum</span> <span class='ocrx_word' id='word_1_144' title='bbox 960 1971 1121 2035; x_wconf 88' lang='lat' dir='ltr'>redeuntis</span> <span class='ocrx_word' id='word_1_145' title='bbox 1149 1972 1203 2035; x_wconf 90' lang='lat' dir='ltr'>lilii</span> <span class='ocrx_word' id='word_1_146' title='bbox 1232 1971 1346 2054; x_wconf 80' lang='lat' dir='ltr'>gaudio</span> 
     </span>
     <span class='ocr_line' id='line_1_19' title="bbox 254 2060 1347 2143; baseline 0.001 -21"><span class='ocrx_word' id='word_1_147' title='bbox 254 2064 289 2123; x_wconf 84' lang='lat'>14</span> <span class='ocrx_word' id='word_1_148' title='bbox 305 2064 400 2126; x_wconf 89' lang='lat' dir='ltr'>nlmic</span> <span class='ocrx_word' id='word_1_149' title='bbox 431 2064 646 2125; x_wconf 78' lang='lat' dir='ltr'>exanimatam.</span> <span class='ocrx_word' id='word_1_150' title='bbox 693 2060 840 2128; x_wconf 87' lang='lat' dir='ltr'>Senatum</span> <span class='ocrx_word' id='word_1_151' title='bbox 869 2068 1031 2143; x_wconf 84' lang='lat' dir='ltr'>praetores</span> <span class='ocrx_word' id='word_1_152' title='bbox 1059 2080 1117 2143; x_wconf 92' lang='lat' dir='ltr'>per</span> <span class='ocrx_word' id='word_1_153' title='bbox 1140 2060 1206 2123; x_wconf 87' lang='lat' dir='ltr'>dies</span> <span class='ocrx_word' id='word_1_154' title='bbox 1230 2061 1347 2143; x_wconf 85' lang='lat' dir='ltr'>aliquot</span> 
     </span>
     <span class='ocr_line' id='line_1_20' title="bbox 306 2151 1346 2233; baseline -0.005 -17"><span class='ocrx_word' id='word_1_155' title='bbox 306 2152 344 2217; x_wconf 91' lang='lat' dir='ltr'>ab</span> <span class='ocrx_word' id='word_1_156' title='bbox 368 2160 437 2216; x_wconf 88' lang='lat' dir='ltr'>orto</span> <span class='ocrx_word' id='word_1_157' title='bbox 466 2169 567 2233; x_wconf 91' lang='lat' dir='ltr'>nsque</span> <span class='ocrx_word' id='word_1_158' title='bbox 599 2152 639 2215; x_wconf 87' lang='lat' dir='ltr'>ad</span> <span class='ocrx_word' id='word_1_159' title='bbox 668 2151 863 2217; x_wconf 88' lang='lat' dir='ltr'>occidentem</span> <span class='ocrx_word' id='word_1_160' title='bbox 891 2151 989 2213; x_wconf 87' lang='lat' dir='ltr'>selem</span> <span class='ocrx_word' id='word_1_161' title='bbox 1026 2151 1058 2215; x_wconf 92' lang='lat' dir='ltr'>in</span> <span class='ocrx_word' id='word_1_162' title='bbox 1094 2151 1180 2215; x_wconf 84' lang='lat' dir='ltr'>curie</span> <span class='ocrx_word' id='word_1_163' title='bbox 1209 2151 1346 2215; x_wconf 90' lang='lat' dir='ltr'>retinent</span> 
     </span>
    </p>
   </div>
   <div class='ocr_carea' id='block_1_4' title="bbox 305 2289 523 2305">
    <p class='ocr_par' dir='ltr' id='par_1_4' title="bbox 305 2289 523 2305">
     <span class='ocr_line' id='line_1_21' title="bbox 305 2289 523 2305; baseline -0.009 0"><span class='ocrx_word' id='word_1_164' title='bbox 305 2289 523 2305; x_wconf 53' lang='grc' dir='ltr'><strong>ψ</strong></span> 
     </span>
    </p>
   </div>
   <div class='ocr_carea' id='block_1_5' title="bbox 200 2362 1356 4353">
    <p class='ocr_par' dir='ltr' id='par_1_5' title="bbox 255 2362 1017 2432">
     <span class='ocr_line' id='line_1_22' title="bbox 255 2362 1017 2432; baseline 0.003 -15"><span class='ocrx_word' id='word_1_165' title='bbox 255 2362 290 2417; x_wconf 90' lang='grc'>10</span> <span class='ocrx_word' id='word_1_166' title='bbox 378 2363 535 2432; x_wconf 77' lang='lat' dir='ltr'>cuiusque</span> <span class='ocrx_word' id='word_1_167' title='bbox 553 2362 707 2430; x_wconf 77' lang='lat' dir='ltr'>sucrum)</span> <span class='ocrx_word' id='word_1_168' title='bbox 743 2364 769 2417; x_wconf 87' lang='lat' dir='ltr'>S.</span> <span class='ocrx_word' id='word_1_169' title='bbox 791 2380 822 2416; x_wconf 85' lang='lat' dir='ltr'>zu</span> <span class='ocrx_word' id='word_1_170' title='bbox 841 2363 911 2431; x_wconf 87' lang='lat' dir='ltr'>XXI,</span> <span class='ocrx_word' id='word_1_171' title='bbox 929 2364 973 2431; x_wconf 82' lang='lat'>48,</span> <span class='ocrx_word' id='word_1_172' title='bbox 993 2365 1017 2419; x_wconf 88' lang='grc'>2.</span> 
     </span>
    </p>

    <p class='ocr_par' dir='ltr' id='par_1_6' title="bbox 256 2432 1348 2789">
     <span class='ocr_line' id='line_1_23' title="bbox 256 2432 1347 2502; baseline -0.001 -15"><span class='ocrx_word' id='word_1_173' title='bbox 256 2433 288 2487; x_wconf 94' lang='grc'>11</span> <span class='ocrx_word' id='word_1_174' title='bbox 380 2432 560 2502; x_wconf 76' lang='lat' dir='ltr'>[deinceps]</span> <span class='ocrx_word' id='word_1_175' title='bbox 595 2432 661 2487; x_wconf 84' lang='lat' dir='ltr'>llass</span> <span class='ocrx_word' id='word_1_176' title='bbox 680 2434 766 2487; x_wconf 85' lang='lat' dir='ltr'>dieses</span> <span class='ocrx_word' id='word_1_177' title='bbox 785 2435 946 2489; x_wconf 79' lang='lat' dir='ltr'>Aduerbium</span> <span class='ocrx_word' id='word_1_178' title='bbox 965 2436 1023 2488; x_wconf 89' lang='lat' dir='ltr'>hier</span> <span class='ocrx_word' id='word_1_179' title='bbox 1042 2436 1084 2487; x_wconf 91' lang='lat' dir='ltr'>dic</span> <span class='ocrx_word' id='word_1_180' title='bbox 1102 2435 1184 2489; x_wconf 87' lang='lat' dir='ltr'>Stelle</span> <span class='ocrx_word' id='word_1_181' title='bbox 1204 2435 1276 2487; x_wconf 88' lang='lat' dir='ltr'>ciues</span> <span class='ocrx_word' id='word_1_182' title='bbox 1296 2434 1347 2486; x_wconf 84' lang='lat' dir='ltr'>Ad·</span> 
     </span>
     <span class='ocr_line' id='line_1_24' title="bbox 306 2503 1347 2575; baseline -0.001 -18"><span class='ocrx_word' id='word_1_183' title='bbox 306 2503 406 2571; x_wconf 86' lang='lat' dir='ltr'>jehtivs</span> <span class='ocrx_word' id='word_1_184' title='bbox 434 2506 553 2571; x_wconf 88' lang='lat' dir='ltr'>vertritt,</span> <span class='ocrx_word' id='word_1_185' title='bbox 580 2504 649 2556; x_wconf 89' lang='lat' dir='ltr'>wird</span> <span class='ocrx_word' id='word_1_186' title='bbox 675 2504 820 2559; x_wconf 83' lang='lat' dir='ltr'>bescnders</span> <span class='ocrx_word' id='word_1_187' title='bbox 850 2506 931 2559; x_wconf 90' lang='lat' dir='ltr'>durch</span> <span class='ocrx_word' id='word_1_188' title='bbox 959 2508 1002 2559; x_wconf 93' lang='lat' dir='ltr'>die</span> <span class='ocrx_word' id='word_1_189' title='bbox 1025 2508 1222 2575; x_wconf 81' lang='lat' dir='ltr'>llcordInirung</span> <span class='ocrx_word' id='word_1_190' title='bbox 1250 2506 1347 2561; x_wconf 90' lang='lat' dir='ltr'>dessel-</span> 
     </span>
     <span class='ocr_line' id='line_1_25' title="bbox 308 2576 1346 2647; baseline 0.001 -20"><span class='ocrx_word' id='word_1_191' title='bbox 308 2576 360 2629; x_wconf 85' lang='lat' dir='ltr'>ben</span> <span class='ocrx_word' id='word_1_192' title='bbox 394 2578 441 2628; x_wconf 91' lang='lat' dir='ltr'>mit</span> <span class='ocrx_word' id='word_1_193' title='bbox 471 2584 571 2645; x_wconf 84' lang='lat' dir='ltr'>postero</span> <span class='ocrx_word' id='word_1_194' title='bbox 599 2576 723 2628; x_wconf 90' lang='lat' dir='ltr'>deutlich.</span> <span class='ocrx_word' id='word_1_195' title='bbox 774 2578 799 2631; x_wconf 86' lang='lat' dir='ltr'>S.</span> <span class='ocrx_word' id='word_1_196' title='bbox 828 2578 893 2629; x_wconf 83' lang='lat' dir='ltr'>tiber</span> <span class='ocrx_word' id='word_1_197' title='bbox 923 2580 1015 2632; x_wconf 89' lang='lat' dir='ltr'>diesen</span> <span class='ocrx_word' id='word_1_198' title='bbox 1048 2576 1282 2647; x_wconf 78' lang='lat' dir='ltr'>Sprac&#39;hgebrauch</span> <span class='ocrx_word' id='word_1_199' title='bbox 1314 2594 1346 2629; x_wconf 81' lang='lat' dir='ltr'>zu</span> 
     </span>
     <span class='ocr_line' id='line_1_26' title="bbox 308 2646 1348 2719; baseline -0.001 -19"><span class='ocrx_word' id='word_1_200' title='bbox 308 2646 378 2715; x_wconf 91' lang='lat' dir='ltr'>XXI,</span> <span class='ocrx_word' id='word_1_201' title='bbox 395 2647 439 2714; x_wconf 82' lang='lat'>36,</span> <span class='ocrx_word' id='word_1_202' title='bbox 458 2647 489 2715; x_wconf 80' lang='lat'>63</span> <span class='ocrx_word' id='word_1_203' title='bbox 509 2647 598 2699; x_wconf 85' lang='lat' dir='ltr'>ierner</span> <span class='ocrx_word' id='word_1_204' title='bbox 614 2646 662 2716; x_wconf 90' lang='lat' dir='ltr'>lll,</span> <span class='ocrx_word' id='word_1_205' title='bbox 680 2648 715 2703; x_wconf 81' lang='lat'>39</span> <span class='ocrx_word' id='word_1_206' title='bbox 739 2658 800 2717; x_wconf 88' lang='lat' dir='ltr'>post</span> <span class='ocrx_word' id='word_1_207' title='bbox 817 2651 853 2701; x_wconf 86' lang='lat' dir='ltr'>in.</span> <span class='ocrx_word' id='word_1_208' title='bbox 882 2666 930 2719; x_wconf 83' lang='lat' dir='ltr'>quo</span> <span class='ocrx_word' id='word_1_209' title='bbox 948 2650 1077 2719; x_wconf 80' lang='lat' dir='ltr'>(nomine)</span> <span class='ocrx_word' id='word_1_210' title='bbox 1095 2650 1229 2703; x_wconf 80' lang='lat' dir='ltr'>Remulum</span> <span class='ocrx_word' id='word_1_211' title='bbox 1255 2649 1348 2703; x_wconf 80' lang='lat' dir='ltr'>cendi-</span> 
     </span>
     <span class='ocr_line' id='line_1_27' title="bbox 308 2719 1348 2789; baseline 0.001 -18"><span class='ocrx_word' id='word_1_212' title='bbox 308 2724 392 2771; x_wconf 82' lang='lat' dir='ltr'>ierem&#39;</span> <span class='ocrx_word' id='word_1_213' title='bbox 405 2720 479 2771; x_wconf 75' lang='lat' dir='ltr'>urbis</span> <span class='ocrx_word' id='word_1_214' title='bbox 496 2719 659 2789; x_wconf 77' lang='lat' dir='ltr'>deincepsque</span> <span class='ocrx_word' id='word_1_215' title='bbox 676 2737 749 2789; x_wconf 79' lang='lat' dir='ltr'>repes</span> <span class='ocrx_word' id='word_1_216' title='bbox 766 2722 919 2789; x_wconf 81' lang='lat' dir='ltr'>appelletcs;</span> <span class='ocrx_word' id='word_1_217' title='bbox 938 2720 982 2787; x_wconf 83' lang='lat' dir='ltr'>vl,</span> <span class='ocrx_word' id='word_1_218' title='bbox 1002 2721 1036 2775; x_wconf 87' lang='lat'>14</span> <span class='ocrx_word' id='word_1_219' title='bbox 1045 2730 1107 2773; x_wconf 81' lang='lat' dir='ltr'>ante</span> <span class='ocrx_word' id='word_1_220' title='bbox 1126 2721 1194 2773; x_wconf 85' lang='lat' dir='ltr'>med.</span> <span class='ocrx_word' id='word_1_221' title='bbox 1213 2723 1348 2773; x_wconf 74' lang='lat' dir='ltr'>cicatrices</span> 
     </span>
    </p>

    <p class='ocr_par' dir='ltr' id='par_1_7' title="bbox 256 2790 1349 2931">
     <span class='ocr_line' id='line_1_28' title="bbox 256 2790 1349 2862; baseline 0 -20"><span class='ocrx_word' id='word_1_222' title='bbox 256 2833 259 2841; x_wconf 87' lang='lat'><em>.</em></span> <span class='ocrx_word' id='word_1_223' title='bbox 307 2808 352 2843; x_wconf 83' lang='lat' dir='ltr'>acc</span> <span class='ocrx_word' id='word_1_224' title='bbox 383 2799 422 2843; x_wconf 81' lang='lat' dir='ltr'>tes</span> <span class='ocrx_word' id='word_1_225' title='bbox 435 2790 534 2842; x_wconf 74' lang='lat' dir='ltr'>Veienti</span> <span class='ocrx_word' id='word_1_226' title='bbox 541 2790 636 2844; x_wconf 78' lang='lat' dir='ltr'>Gallico</span> <span class='ocrx_word' id='word_1_227' title='bbox 654 2792 762 2861; x_wconf 72' lang='lat' dir='ltr'>aliisque</span> <span class='ocrx_word' id='word_1_228' title='bbox 780 2793 895 2862; x_wconf 75' lang='lat' dir='ltr'>deinceps</span> <span class='ocrx_word' id='word_1_229' title='bbox 904 2793 973 2846; x_wconf 81' lang='lat' dir='ltr'>bellis</span> <span class='ocrx_word' id='word_1_230' title='bbox 990 2792 1136 2859; x_wconf 72' lang='lat' dir='ltr'>ostentans]</span> <span class='ocrx_word' id='word_1_231' title='bbox 1165 2791 1349 2861; x_wconf 79' lang='lat' dir='ltr'>Ueberutt&#39;quc</span> 
     </span>
     <span class='ocr_line' id='line_1_29' title="bbox 307 2860 803 2931; baseline 0.002 -16"><span class='ocrx_word' id='word_1_232' title='bbox 307 2864 344 2915; x_wconf 86' lang='lat' dir='ltr'>im</span> <span class='ocrx_word' id='word_1_233' title='bbox 385 2862 517 2931; x_wconf 80' lang='lat' dir='ltr'>olgeuden</span> <span class='ocrx_word' id='word_1_234' title='bbox 536 2878 557 2917; x_wconf 82' lang='lat' dir='ltr'>s.</span> <span class='ocrx_word' id='word_1_235' title='bbox 576 2879 610 2914; x_wconf 83' lang='lat' dir='ltr'>nu</span> <span class='ocrx_word' id='word_1_236' title='bbox 628 2860 696 2929; x_wconf 89' lang='lat' dir='ltr'>XXI,</span> <span class='ocrx_word' id='word_1_237' title='bbox 715 2861 759 2929; x_wconf 79' lang='lat'>54,</span> <span class='ocrx_word' id='word_1_238' title='bbox 778 2862 803 2916; x_wconf 84' lang='lat'>9.</span> 
     </span>
    </p>

    <p class='ocr_par' dir='ltr' id='par_1_8' title="bbox 307 2931 1347 3075">
     <span class='ocr_line' id='line_1_30' title="bbox 379 2931 1347 3003; baseline 0 -18"><span class='ocrx_word' id='word_1_239' title='bbox 379 2933 509 2999; x_wconf 77' lang='lat' dir='ltr'>[ordine</span> <span class='ocrx_word' id='word_1_240' title='bbox 525 2933 654 3000; x_wconf 79' lang='lat' dir='ltr'>emnia)</span> <span class='ocrx_word' id='word_1_241' title='bbox 690 2932 750 3003; x_wconf 77' lang='lat' dir='ltr'>l&#39;gl.</span> <span class='ocrx_word' id='word_1_242' title='bbox 770 2931 814 3000; x_wconf 94' lang='lat' dir='ltr'>IIl,</span> <span class='ocrx_word' id='word_1_243' title='bbox 834 2932 986 3003; x_wconf 87' lang='lat' dir='ltr'>50p0stin.</span> <span class='ocrx_word' id='word_1_244' title='bbox 1005 2936 1095 2988; x_wconf 79' lang='lat' dir='ltr'>ordine</span> <span class='ocrx_word' id='word_1_245' title='bbox 1113 2942 1261 2998; x_wconf 68' lang='lat' dir='ltr'>edecimati</span> <span class='ocrx_word' id='word_1_246' title='bbox 1294 2941 1347 2985; x_wconf 81' lang='lat' dir='ltr'>estu</span> 
     </span>
     <span class='ocr_line' id='line_1_31' title="bbox 307 2952 1347 3075; baseline -0.003 -18"><span class='ocrx_word' id='word_1_247' title='bbox 307 3013 391 3067; x_wconf 80' lang='lat' dir='ltr'>erent,</span> <span class='ocrx_word' id='word_1_248' title='bbox 409 3007 540 3071; x_wconf 60' lang='lat' dir='ltr'>espessia</span> <span class='ocrx_word' id='word_1_249' title='bbox 564 3002 656 3071; x_wconf 85' lang='lat' dir='ltr'>XXIV,</span> <span class='ocrx_word' id='word_1_250' title='bbox 674 3004 719 3070; x_wconf 85' lang='grc'>24,</span> <span class='ocrx_word' id='word_1_251' title='bbox 738 3005 755 3058; x_wconf 88' lang='lat'>6</span> <span class='ocrx_word' id='word_1_252' title='bbox 773 3022 849 3075; x_wconf 83' lang='lat' dir='ltr'>quum</span> <span class='ocrx_word' id='word_1_253' title='bbox 866 3008 955 3061; x_wconf 79' lang='lat' dir='ltr'>urdine</span> <span class='ocrx_word' id='word_1_254' title='bbox 973 3012 1056 3059; x_wconf 77' lang='lat' dir='ltr'>meniu</span> <span class='ocrx_word' id='word_1_255' title='bbox 1073 3006 1209 3058; x_wconf 77' lang='lat' dir='ltr'>edocuisset</span> <span class='ocrx_word' id='word_1_256' title='bbox 1214 3022 1224 3067; x_wconf 89' lang='grc'>,·</span> <span class='ocrx_word' id='word_1_257' title='bbox 1243 2952 1347 3069; x_wconf 76' lang='lat' dir='ltr'>xtIiss,</span> 
     </span>
    </p>

    <p class='ocr_par' dir='ltr' id='par_1_9' title="bbox 266 3074 1348 3213">
     <span class='ocr_line' id='line_1_32' title="bbox 266 3074 1348 3147; baseline 0 -18"><span class='ocrx_word' id='word_1_258' title='bbox 266 3076 270 3085; x_wconf 82' lang='lat'>&#39;</span> <span class='ocrx_word' id='word_1_259' title='bbox 308 3074 412 3129; x_wconf 78' lang='lat' dir='ltr'>bmed.</span> <span class='ocrx_word' id='word_1_260' title='bbox 430 3074 543 3127; x_wconf 71' lang='lat' dir='ltr'>haecine</span> <span class='ocrx_word' id='word_1_261' title='bbox 563 3079 649 3127; x_wconf 83' lang='lat' dir='ltr'>emnia</span> <span class='ocrx_word' id='word_1_262' title='bbox 665 3078 753 3128; x_wconf 77' lang='lat' dir='ltr'>ordine</span> <span class='ocrx_word' id='word_1_263' title='bbox 767 3081 916 3147; x_wconf 79' lang='lat' dir='ltr'>perscripta</span> <span class='ocrx_word' id='word_1_264' title='bbox 922 3096 932 3142; x_wconf 92' lang='lat'>‚·</span> <span class='ocrx_word' id='word_1_265' title='bbox 959 3076 1076 3145; x_wconf 89' lang='lat' dir='ltr'>XXXIX,</span> <span class='ocrx_word' id='word_1_266' title='bbox 1095 3077 1130 3131; x_wconf 89' lang='grc'>14</span> <span class='ocrx_word' id='word_1_267' title='bbox 1146 3080 1198 3145; x_wconf 84' lang='lat' dir='ltr'>ln.;</span> <span class='ocrx_word' id='word_1_268' title='bbox 1216 3074 1293 3142; x_wconf 91' lang='lat' dir='ltr'>XLII,</span> <span class='ocrx_word' id='word_1_269' title='bbox 1313 3074 1348 3129; x_wconf 82' lang='lat'>25</span> 
     </span>
     <span class='ocr_line' id='line_1_33' title="bbox 309 3144 738 3213; baseline 0 -14"><span class='ocrx_word' id='word_1_270' title='bbox 309 3146 345 3199; x_wconf 87' lang='lat' dir='ltr'>in.</span> <span class='ocrx_word' id='word_1_271' title='bbox 373 3144 738 3213; x_wconf 73' lang='lat' dir='ltr'>S.untencnll.22,18.]</span> 
     </span>
    </p>

    <p class='ocr_par' dir='ltr' id='par_1_10' title="bbox 257 3214 1350 3355">
     <span class='ocr_line' id='line_1_34' title="bbox 257 3214 1350 3287; baseline 0 -16"><span class='ocrx_word' id='word_1_272' title='bbox 257 3215 293 3271; x_wconf 91' lang='grc'>12</span> <span class='ocrx_word' id='word_1_273' title='bbox 380 3214 525 3285; x_wconf 71' lang='lat' dir='ltr'>paedia)</span> <span class='ocrx_word' id='word_1_274' title='bbox 559 3215 609 3267; x_wconf 86' lang='lat' dir='ltr'>Die</span> <span class='ocrx_word' id='word_1_275' title='bbox 626 3215 767 3268; x_wconf 78' lang='lat' dir='ltr'>einzelnen</span> <span class='ocrx_word' id='word_1_276' title='bbox 785 3216 876 3287; x_wconf 83' lang='lat' dir='ltr'>Arten,</span> <span class='ocrx_word' id='word_1_277' title='bbox 893 3222 949 3273; x_wconf 82' lang='lat' dir='ltr'>wie</span> <span class='ocrx_word' id='word_1_278' title='bbox 966 3221 1010 3273; x_wconf 91' lang='lat' dir='ltr'>die</span> <span class='ocrx_word' id='word_1_279' title='bbox 1024 3218 1133 3273; x_wconf 83' lang='lat' dir='ltr'>Frende</span> <span class='ocrx_word' id='word_1_280' title='bbox 1146 3218 1203 3273; x_wconf 84' lang='lat' dir='ltr'>sich</span> <span class='ocrx_word' id='word_1_281' title='bbox 1220 3224 1350 3272; x_wconf 69' lang='lat' dir='ltr'>mserte.</span> 
     </span>
     <span class='ocr_line' id='line_1_35' title="bbox 309 3284 825 3355; baseline 0.008 -18"><span class='ocrx_word' id='word_1_282' title='bbox 309 3284 370 3355; x_wconf 76' lang='lat' dir='ltr'>vgt.</span> <span class='ocrx_word' id='word_1_283' title='bbox 389 3286 434 3353; x_wconf 91' lang='lat' dir='ltr'>IX,</span> <span class='ocrx_word' id='word_1_284' title='bbox 453 3284 487 3339; x_wconf 82' lang='lat'>15</span> <span class='ocrx_word' id='word_1_285' title='bbox 505 3286 588 3354; x_wconf 87' lang='lat' dir='ltr'>med.;</span> <span class='ocrx_word' id='word_1_286' title='bbox 606 3286 688 3353; x_wconf 84' lang='lat' dir='ltr'>XXX,</span> <span class='ocrx_word' id='word_1_287' title='bbox 704 3286 740 3341; x_wconf 88' lang='grc'>42</span> <span class='ocrx_word' id='word_1_288' title='bbox 759 3297 825 3341; x_wconf 84' lang='lat' dir='ltr'>extr.</span> 
     </span>
    </p>

    <p class='ocr_par' dir='ltr' id='par_1_11' title="bbox 257 3357 1354 3855">
     <span class='ocr_line' id='line_1_36' title="bbox 257 3357 1349 3430; baseline -0.002 -16"><span class='ocrx_word' id='word_1_289' title='bbox 257 3357 293 3414; x_wconf 78' lang='lat'>13</span> <span class='ocrx_word' id='word_1_290' title='bbox 383 3357 640 3427; x_wconf 66' lang='lat' dir='ltr'>[incomplexis]</span> <span class='ocrx_word' id='word_1_291' title='bbox 674 3358 711 3411; x_wconf 89' lang='lat' dir='ltr'>Sc</span> <span class='ocrx_word' id='word_1_292' title='bbox 729 3357 774 3411; x_wconf 89' lang='lat' dir='ltr'>hat</span> <span class='ocrx_word' id='word_1_293' title='bbox 790 3360 940 3415; x_wconf 83' lang='lat' dir='ltr'>Alschefski</span> <span class='ocrx_word' id='word_1_294' title='bbox 959 3362 1027 3415; x_wconf 88' lang='lat' dir='ltr'>ohne</span> <span class='ocrx_word' id='word_1_295' title='bbox 1039 3362 1150 3415; x_wconf 84' lang='lat' dir='ltr'>Zweilel</span> <span class='ocrx_word' id='word_1_296' title='bbox 1170 3361 1266 3430; x_wconf 79' lang='lat' dir='ltr'>ricbtig</span> <span class='ocrx_word' id='word_1_297' title='bbox 1285 3368 1349 3413; x_wconf 81' lang='lat' dir='ltr'>stett</span> 
     </span>
     <span class='ocr_line' id='line_1_37' title="bbox 309 3432 1339 3557; baseline 0 -4"><span class='ocrx_word' id='word_1_298' title='bbox 309 3432 513 3555; x_wconf 74' lang='grc' dir='ltr'><strong>ιιιιι</strong></span> <span class='ocrx_word' id='word_1_299' title='bbox 1019 3502 1339 3557; x_wconf 62' lang='lat' dir='ltr'>„n</span> 
     </span>
     <span class='ocr_line' id='line_1_38' title="bbox 292 3524 1352 3645; baseline 0.001 -21"><span class='ocrx_word' id='word_1_300' title='bbox 292 3570 367 3639; x_wconf 89' lang='lat' dir='ltr'>XII,</span> <span class='ocrx_word' id='word_1_301' title='bbox 376 3573 402 3640; x_wconf 82' lang='lat'>9,</span> <span class='ocrx_word' id='word_1_302' title='bbox 420 3538 469 3626; x_wconf 54' lang='lat'>22?</span> <span class='ocrx_word' id='word_1_303' title='bbox 500 3538 612 3625; x_wconf 70' lang='lat' dir='ltr'>theou.</span> <span class='ocrx_word' id='word_1_304' title='bbox 631 3575 689 3627; x_wconf 85' lang='lat' dir='ltr'>Put</span> <span class='ocrx_word' id='word_1_305' title='bbox 708 3574 784 3627; x_wconf 86' lang='lat' dir='ltr'>stand</span> <span class='ocrx_word' id='word_1_306' title='bbox 803 3575 953 3645; x_wconf 81' lang='lat' dir='ltr'>enlduglich</span> <span class='ocrx_word' id='word_1_307' title='bbox 970 3580 999 3628; x_wconf 83' lang='lat' dir='ltr'>sit</span> <span class='ocrx_word' id='word_1_308' title='bbox 1013 3524 1156 3645; x_wconf 51' lang='lat' dir='ltr'>congente·</span> <span class='ocrx_word' id='word_1_309' title='bbox 1174 3577 1235 3627; x_wconf 86' lang='lat' dir='ltr'>eine</span> <span class='ocrx_word' id='word_1_310' title='bbox 1253 3540 1352 3627; x_wconf 55' lang='lat' dir='ltr'>&#39;cuuto</span> 
     </span>
     <span class='ocr_line' id='line_1_39' title="bbox 310 3641 1354 3713; baseline 0 -18"><span class='ocrx_word' id='word_1_311' title='bbox 310 3641 386 3696; x_wconf 87' lang='lat' dir='ltr'>lland</span> <span class='ocrx_word' id='word_1_312' title='bbox 405 3652 488 3697; x_wconf 83' lang='lat' dir='ltr'>setzte</span> <span class='ocrx_word' id='word_1_313' title='bbox 513 3644 565 3697; x_wconf 88' lang='lat' dir='ltr'>den</span> <span class='ocrx_word' id='word_1_314' title='bbox 583 3643 749 3698; x_wconf 84' lang='lat' dir='ltr'>Bncbsteben</span> <span class='ocrx_word' id='word_1_315' title='bbox 769 3654 779 3697; x_wconf 91' lang='lat' dir='ltr'>t</span> <span class='ocrx_word' id='word_1_316' title='bbox 796 3646 863 3699; x_wconf 83' lang='lat' dir='ltr'>tiber</span> <span class='ocrx_word' id='word_1_317' title='bbox 881 3646 909 3713; x_wconf 74' lang='lat' dir='ltr'>ci,</span> <span class='ocrx_word' id='word_1_318' title='bbox 936 3648 990 3699; x_wconf 92' lang='lat' dir='ltr'>und</span> <span class='ocrx_word' id='word_1_319' title='bbox 1012 3662 1043 3700; x_wconf 89' lang='lat' dir='ltr'>so</span> <span class='ocrx_word' id='word_1_320' title='bbox 1067 3649 1103 3699; x_wconf 87' lang='lat' dir='ltr'>ist</span> <span class='ocrx_word' id='word_1_321' title='bbox 1125 3662 1154 3700; x_wconf 84' lang='lat' dir='ltr'>es</span> <span class='ocrx_word' id='word_1_322' title='bbox 1181 3646 1354 3713; x_wconf 83' lang='lat' dir='ltr'>gehommcn,</span> 
     </span>
     <span class='ocr_line' id='line_1_40' title="bbox 311 3714 1353 3786; baseline 0 -19"><span class='ocrx_word' id='word_1_323' title='bbox 311 3714 370 3767; x_wconf 87' lang='lat' dir='ltr'>dass</span> <span class='ocrx_word' id='word_1_324' title='bbox 389 3715 431 3766; x_wconf 90' lang='lat' dir='ltr'>die</span> <span class='ocrx_word' id='word_1_325' title='bbox 447 3714 538 3767; x_wconf 87' lang='lat' dir='ltr'>Lesart</span> <span class='ocrx_word' id='word_1_326' title='bbox 561 3718 588 3767; x_wconf 85' lang='lat' dir='ltr'>sis</span> <span class='ocrx_word' id='word_1_327' title='bbox 605 3726 738 3786; x_wconf 77' lang='lat' dir='ltr'>compectu</span> <span class='ocrx_word' id='word_1_328' title='bbox 765 3716 792 3769; x_wconf 93' lang='lat' dir='ltr'>in</span> <span class='ocrx_word' id='word_1_329' title='bbox 819 3716 870 3769; x_wconf 85' lang='lat' dir='ltr'>alle</span> <span class='ocrx_word' id='word_1_330' title='bbox 890 3716 971 3769; x_wconf 82' lang='lat' dir='ltr'>Ccdd.</span> <span class='ocrx_word' id='word_1_331' title='bbox 996 3718 1134 3786; x_wconf 81' lang='lat' dir='ltr'>uberging.</span> <span class='ocrx_word' id='word_1_332' title='bbox 1177 3714 1353 3769; x_wconf 78' lang='lat' dir='ltr'>Alschelshi&#39;s</span> 
     </span>
     <span class='ocr_line' id='line_1_41' title="bbox 309 3785 1354 3855; baseline -0.001 -17"><span class='ocrx_word' id='word_1_333' title='bbox 309 3785 461 3854; x_wconf 74' lang='lat' dir='ltr'>besserung</span> <span class='ocrx_word' id='word_1_334' title='bbox 478 3786 546 3838; x_wconf 85' lang='lat' dir='ltr'>wird</span> <span class='ocrx_word' id='word_1_335' title='bbox 565 3785 690 3855; x_wconf 85' lang='lat' dir='ltr'>besttttigt</span> <span class='ocrx_word' id='word_1_336' title='bbox 707 3788 790 3839; x_wconf 89' lang='lat' dir='ltr'>durch</span> <span class='ocrx_word' id='word_1_337' title='bbox 809 3788 851 3840; x_wconf 91' lang='lat' dir='ltr'>die</span> <span class='ocrx_word' id='word_1_338' title='bbox 870 3787 921 3840; x_wconf 86' lang='lat' dir='ltr'>fast</span> <span class='ocrx_word' id='word_1_339' title='bbox 938 3790 985 3839; x_wconf 91' lang='lat' dir='ltr'>mit</span> <span class='ocrx_word' id='word_1_340' title='bbox 1003 3786 1269 3840; x_wconf 86' lang='lat' dir='ltr'>denselbeanrten</span> <span class='ocrx_word' id='word_1_341' title='bbox 1287 3788 1354 3839; x_wconf 89' lang='lat' dir='ltr'>wie-</span> 
     </span>
    </p>

    <p class='ocr_par' dir='ltr' id='par_1_12' title="bbox 200 3856 1356 4209">
     <span class='ocr_line' id='line_1_42' title="bbox 200 3856 1354 3927; baseline 0.002 -20"><span class='ocrx_word' id='word_1_342' title='bbox 200 3878 204 3883; x_wconf 95' lang='lat'>·</span> <span class='ocrx_word' id='word_1_343' title='bbox 310 3856 498 3925; x_wconf 77' lang='lat' dir='ltr'>dergegebene</span> <span class='ocrx_word' id='word_1_344' title='bbox 515 3856 666 3927; x_wconf 76' lang='lat' dir='ltr'>Eruthlung</span> <span class='ocrx_word' id='word_1_345' title='bbox 684 3858 777 3910; x_wconf 88' lang='lat' dir='ltr'>beider</span> <span class='ocrx_word' id='word_1_346' title='bbox 788 3858 870 3911; x_wconf 83' lang='lat' dir='ltr'>·Fdlle</span> <span class='ocrx_word' id='word_1_347' title='bbox 888 3858 932 3911; x_wconf 90' lang='lat' dir='ltr'>bei</span> <span class='ocrx_word' id='word_1_348' title='bbox 951 3858 1072 3911; x_wconf 86' lang='lat' dir='ltr'>Valerius</span> <span class='ocrx_word' id='word_1_349' title='bbox 1091 3859 1216 3911; x_wconf 85' lang='lat' dir='ltr'>llarimus</span> <span class='ocrx_word' id='word_1_350' title='bbox 1235 3856 1281 3923; x_wconf 90' lang='lat' dir='ltr'>IX,</span> <span class='ocrx_word' id='word_1_351' title='bbox 1308 3857 1354 3923; x_wconf 86' lang='grc'>12,</span> 
     </span>
     <span class='ocr_line' id='line_1_43' title="bbox 311 3926 1353 3997; baseline -0.003 -15"><span class='ocrx_word' id='word_1_352' title='bbox 311 3926 329 3982; x_wconf 82' lang='grc'>2</span> <span class='ocrx_word' id='word_1_353' title='bbox 346 3930 474 3981; x_wconf 78' lang='lat' dir='ltr'>Nuntiate</span> <span class='ocrx_word' id='word_1_354' title='bbox 491 3930 558 3979; x_wconf 83' lang='lat' dir='ltr'>etst‘m</span> <span class='ocrx_word' id='word_1_355' title='bbox 566 3929 647 3991; x_wconf 81' lang='lat' dir='ltr'>clude,</span> <span class='ocrx_word' id='word_1_356' title='bbox 665 3947 730 3997; x_wconf 76' lang='lat' dir='ltr'>quae</span> <span class='ocrx_word' id='word_1_357' title='bbox 747 3931 783 3983; x_wconf 83' lang='lat' dir='ltr'>ed</span> <span class='ocrx_word' id='word_1_358' title='bbox 800 3930 883 3981; x_wconf 80' lang='lat' dir='ltr'>lactem</span> <span class='ocrx_word' id='word_1_359' title='bbox 894 3930 1092 3983; x_wconf 72' lang='lat' dir='ltr'>Trmcmemtum</span> <span class='ocrx_word' id='word_1_360' title='bbox 1109 3930 1245 3991; x_wconf 75' lang='lat' dir='ltr'>inciderat,</span> <span class='ocrx_word' id='word_1_361' title='bbox 1265 3929 1353 3980; x_wconf 77' lang='lat' dir='ltr'>alteru</span> 
     </span>
     <span class='ocr_line' id='line_1_44' title="bbox 310 4000 1354 4069; baseline -0.002 -18"><span class='ocrx_word' id='word_1_362' title='bbox 310 4008 393 4051; x_wconf 81' lang='lat' dir='ltr'>metet·</span> <span class='ocrx_word' id='word_1_363' title='bbox 410 4002 499 4068; x_wconf 77' lang='lat' dir='ltr'>sospttt&#39;</span> <span class='ocrx_word' id='word_1_364' title='bbox 513 4000 566 4065; x_wconf 70' lang='lat' dir='ltr'>filie</span> <span class='ocrx_word' id='word_1_365' title='bbox 583 4001 715 4069; x_wconf 75' lang='lat' dir='ltr'>adipsum</span> <span class='ocrx_word' id='word_1_366' title='bbox 737 4010 841 4069; x_wconf 77' lang='lat' dir='ltr'>portam</span> <span class='ocrx_word' id='word_1_367' title='bbox 864 4003 939 4066; x_wconf 76' lang='lat' dir='ltr'>facta</span> <span class='ocrx_word' id='word_1_368' title='bbox 958 4002 1057 4053; x_wconf 83' lang='lat' dir='ltr'>cbct&#39;em</span> <span class='ocrx_word' id='word_1_369' title='bbox 1084 4004 1112 4053; x_wconf 80' lang='lat' dir='ltr'>itt</span> <span class='ocrx_word' id='word_1_370' title='bbox 1138 4000 1270 4068; x_wconf 76' lang='lat' dir='ltr'>complesses</span> <span class='ocrx_word' id='word_1_371' title='bbox 1297 4002 1354 4049; x_wconf 78' lang='lat' dir='ltr'>cius</span> 
     </span>
     <span class='ocr_line' id='line_1_45' title="bbox 310 4067 1356 4138; baseline 0 -17"><span class='ocrx_word' id='word_1_372' title='bbox 310 4073 455 4138; x_wconf 65' lang='lat' dir='ltr'>exspiravit</span> <span class='ocrx_word' id='word_1_373' title='bbox 477 4079 522 4122; x_wconf 88' lang='lat' dir='ltr'>etc.</span> <span class='ocrx_word' id='word_1_374' title='bbox 566 4067 637 4121; x_wconf 83' lang='lat' dir='ltr'>Gann</span> <span class='ocrx_word' id='word_1_375' title='bbox 664 4069 770 4123; x_wconf 85' lang='lat' dir='ltr'>tihnlich</span> <span class='ocrx_word' id='word_1_376' title='bbox 797 4073 831 4123; x_wconf 89' lang='lat' dir='ltr'>ist</span> <span class='ocrx_word' id='word_1_377' title='bbox 857 4072 892 4123; x_wconf 88' lang='lat' dir='ltr'>im</span> <span class='ocrx_word' id='word_1_378' title='bbox 912 4072 968 4124; x_wconf 87' lang='lat' dir='ltr'>Put.</span> <span class='ocrx_word' id='word_1_379' title='bbox 988 4071 1081 4137; x_wconf 93' lang='lat' dir='ltr'>XXIII,</span> <span class='ocrx_word' id='word_1_380' title='bbox 1107 4072 1132 4138; x_wconf 80' lang='lat'>9,</span> <span class='ocrx_word' id='word_1_381' title='bbox 1152 4070 1169 4125; x_wconf 84' lang='lat'><strong>9</strong></span> <span class='ocrx_word' id='word_1_382' title='bbox 1187 4086 1241 4124; x_wconf 85' lang='lat' dir='ltr'>von</span> <span class='ocrx_word' id='word_1_383' title='bbox 1270 4078 1356 4123; x_wconf 79' lang='lat' dir='ltr'>ersten</span> 
     </span>
     <span class='ocr_line' id='line_1_46' title="bbox 312 4139 1073 4209; baseline 0.003 -17"><span class='ocrx_word' id='word_1_384' title='bbox 312 4139 387 4192; x_wconf 82' lang='lat' dir='ltr'>llend</span> <span class='ocrx_word' id='word_1_385' title='bbox 405 4143 576 4209; x_wconf 69' lang='lat' dir='ltr'>ectupeets&#39;tsr</span> <span class='ocrx_word' id='word_1_386' title='bbox 593 4149 655 4193; x_wconf 85' lang='lat' dir='ltr'>statt</span> <span class='ocrx_word' id='word_1_387' title='bbox 672 4144 847 4209; x_wconf 79' lang='lat' dir='ltr'>complectitur</span> <span class='ocrx_word' id='word_1_388' title='bbox 864 4142 1073 4209; x_wconf 88' lang='lat' dir='ltr'>verschrieben.]</span> 
     </span>
    </p>

    <p class='ocr_par' dir='ltr' id='par_1_13' title="bbox 260 4212 1216 4353">
     <span class='ocr_line' id='line_1_47' title="bbox 382 4212 1107 4279; baseline 0.006 -16"><span class='ocrx_word' id='word_1_389' title='bbox 382 4221 538 4265; x_wconf 78' lang='lat' dir='ltr'>maestum</span> <span class='ocrx_word' id='word_1_390' title='bbox 554 4212 738 4279; x_wconf 78' lang='lat' dir='ltr'>sedentem)</span> <span class='ocrx_word' id='word_1_391' title='bbox 776 4213 802 4267; x_wconf 87' lang='lat' dir='ltr'>S.</span> <span class='ocrx_word' id='word_1_392' title='bbox 821 4227 855 4265; x_wconf 78' lang='lat' dir='ltr'>zu</span> <span class='ocrx_word' id='word_1_393' title='bbox 873 4212 941 4279; x_wconf 88' lang='lat' dir='ltr'>XXI,</span> <span class='ocrx_word' id='word_1_394' title='bbox 960 4212 1004 4279; x_wconf 78' lang='lat'>55,</span> <span class='ocrx_word' id='word_1_395' title='bbox 1024 4214 1049 4267; x_wconf 88' lang='lat'>3.</span> <span class='ocrx_word' id='word_1_396' title='bbox 1104 4214 1107 4222; x_wconf 79' lang='lat'><em>&#39;</em></span> 
     </span>
     <span class='ocr_line' id='line_1_48' title="bbox 260 4278 1216 4353; baseline -0.006 -13"><span class='ocrx_word' id='word_1_397' title='bbox 260 4278 296 4341; x_wconf 81' lang='grc'>14</span> <span class='ocrx_word' id='word_1_398' title='bbox 383 4282 423 4335; x_wconf 82' lang='lat' dir='ltr'>ab</span> <span class='ocrx_word' id='word_1_399' title='bbox 441 4290 514 4339; x_wconf 79' lang='lat' dir='ltr'>crte</span> <span class='ocrx_word' id='word_1_400' title='bbox 531 4300 630 4353; x_wconf 71' lang='lat' dir='ltr'>usque</span> <span class='ocrx_word' id='word_1_401' title='bbox 648 4284 689 4337; x_wconf 81' lang='lat' dir='ltr'>cd</span> <span class='ocrx_word' id='word_1_402' title='bbox 705 4300 767 4338; x_wconf 87' lang='lat' dir='ltr'>ccc.</span> <span class='ocrx_word' id='word_1_403' title='bbox 785 4282 905 4351; x_wconf 86' lang='lat' dir='ltr'>selem)</span> <span class='ocrx_word' id='word_1_404' title='bbox 940 4284 968 4342; x_wconf 83' lang='lat' dir='ltr'>S.</span> <span class='ocrx_word' id='word_1_405' title='bbox 987 4300 1020 4338; x_wconf 79' lang='lat' dir='ltr'>uu</span> <span class='ocrx_word' id='word_1_406' title='bbox 1039 4282 1108 4351; x_wconf 86' lang='lat' dir='ltr'>XXI,</span> <span class='ocrx_word' id='word_1_407' title='bbox 1128 4280 1171 4349; x_wconf 79' lang='lat'>19,</span> <span class='ocrx_word' id='word_1_408' title='bbox 1190 4282 1216 4339; x_wconf 89' lang='grc'>9.</span> 
     </span>
    </p>
   </div>
   <div class='ocr_carea' id='block_1_6' title="bbox 0 0 1521 4959">
    <p class='ocr_par' dir='ltr' id='par_1_14' title="bbox 0 0 1521 4959">
     <span class='ocr_line' id='line_1_49' title="bbox 0 0 1521 4959; baseline 0 0"><span class='ocrx_word' id='word_1_409' title='bbox 0 0 1521 4959; x_wconf 95' lang='lat' dir='ltr'> </span> 
     </span>
    </p>
   </div>
  </div>
 </body>
</html>
