3009 4959
307 385 374 451 alo
708 382 805 449 „ttrl
825 381 917 448 tlttl
981 404 985 411 ’

254 547 467 627 Ῑοζςοθίοτιιω
497 551 564 609 tres
591 550 664 608 sunt
691 544 860 609 interfecti.
907 541 1083 609 Secundum
1112 556 1182 607 eom
1212 550 1350 629 pugnarn

308 637 459 701 Hannibal
489 636 521 697 iu
549 635 682 717 Ligures
711 634 911 717 Sempronius
934 634 1048 696 Lucam
1077 636 1244 697 concessit.
1290 636 1352 697 Ve-

309 727 406 789 nienti
435 727 468 787 in
496 724 629 806 Ligures
658 724 820 787 Hannibali
851 741 908 804 per
936 722 1062 785 insidias
1092 724 1258 805 intercepti
1287 723 1350 789 duo

307 822 493 897 quaestores
511 813 650 894 Romani,
675 814 707 875 G.
727 814 852 876 Fulvius
872 820 904 874 et
921 812 954 874 L.
974 812 1153 893 Lucretius,
1183 831 1253 875 cum
1273 812 1351 877 duo·

307 906 366 967 bus
391 903 524 967 tribunis
547 903 677 965 militum
705 909 738 964 et
765 902 903 982 quinque
934 902 1089 982 equestris
1119 901 1235 964 ordinis
1258 918 1351 965 sena·

309 1002 410 1056 torum
435 992 534 1055 ferme
553 991 670 1072 liberie,
690 1008 752 1071 quo
772 992 869 1073 magis
889 998 985 1053 ratam
1006 990 1075 1053 lore
1094 1008 1165 1052 cum
1183 991 1220 1054 iis
1239 1010 1351 1072 pacem

308 1084 554 1162 societatemque
579 1080 735 1158 crederet,
760 1079 932 1142 traduntur.
1087 1082 1089 1087 '

256 1182 273 1236 1
397 1172 459 1234 LX.
518 1170 598 1232 Dum
630 1170 709 1233 haec
737 1170 771 1231 in
799 1169 885 1231 ltalia
908 1177 1076 1251 geruntur,
1107 1169 1160 1231 Gn.
1186 1169 1350 1233 Cornelius

254 1274 273 1328 2
308 1260 412 1341 Scipio
435 1262 472 1343 in·
490 1259 666 1340 Hispaniam
689 1276 760 1320 cum
784 1257 885 1320 classe
909 1265 941 1319 et
960 1259 1102 1320 exercitu
1120 1258 1235 1321 missus
1254 1278 1350 1340 quum

308 1351 346 1415 ab
371 1350 451 1411 ostio
469 1348 610 1411 Rhodani
628 1348 789 1428 profectus
809 1348 1048 1428 Pyrenaeosque
1068 1354 1189 1409 montes
1215 1350 1349 1411 circum·

255 1454 273 1508 3
309 1444 419 1501 vectus
442 1437 594 1518 Emporiis
618 1437 787 1518 appulisset
811 1437 952 1516 classem,
974 1438 1114 1517 exposito
1134 1436 1176 1499 ibi
1195 1440 1350 1519 exercitu,

309 1543 400 1590 orsus
423 1526 622 1588 aLacetanis
642 1544 765 1590 omnem
783 1544 868 1587 oram
889 1542 989 1606 usque
1009 1524 1047 1587 ad
1065 1524 1214 1588 Hiberum
1233 1526 1365 1595 llumeu¹

307 1616 418 1696 partim
449 1614 635 1676 renovandis
667 1614 868 1676 societatibus
897 1616 1007 1693 partim
1039 1614 1127 1675 novis
1151 1614 1350 1677 instituendis

256 1719 275 1775 4
309 1704 466 1770 Romanae
491 1703 620 1765 dicionis
644 1702 728 1765 lecit.
775 1702 849 1764 lude
874 1703 1036 1765 conciliata
1057 1702 1242 1765 clementiae
1269 1704 1350 1766 lama

309 1811 371 1855 non
388 1792 426 1855 ad
445 1794 613 1854 maritimos
632 1792 723 1854 modo
742 1792 873 1872 populos
892 1792 947 1853 sed
967 1793 998 1855 in
1017 1791 1255 1854 mediterraneis
1275 1812 1352 1873 quo-

257 1939 265 1953 t,
308 1900 372 1963 que
402 1900 440 1944 ac
469 1884 621 1944 montanis
650 1881 688 1943 ad
718 1879 892 1945 ferociores
921 1882 981 1943 iem
1011 1888 1122 1963 gentes
1146 1882 1258 1962 valuit,
1292 1901 1352 1944 nec

307 1989 372 2054 pax
402 1969 495 2033 modo
525 1970 604 2051 apud
629 1987 684 2033 eos
707 1970 763 2032 sed
793 1972 928 2033 societas
951 1971 1042 2032 etiam
1066 1988 1222 2033 armorum
1244 1978 1352 2051 parato

309 2198 443 2252 genossen
462 2182 591 2251 desselbe,
618 2199 676 2237 was
695 2182 737 2234 die
757 2184 857 2235 tribuni
872 2182 982 2235 militam
1008 2180 1122 2235 beiden
1142 2182 1264 2249 Romern,
1293 2181 1351 2235 also

311 2255 539 2324 Kriegsohersten.
610 2246 619 2265 '

260 2325 294 2379 10
383 2336 569 2378 senatorum
594 2328 615 2391 f.
643 2325 784 2391 liberis)
830 2324 879 2375 ute
898 2324 987 2377 Sohue
1016 2326 1064 2377 der
1083 2324 1231 2379 Senatores
1257 2340 1352 2377 ware!

310 2412 386 2450 zwor
412 2396 486 2447 nicht
512 2395 641 2448 romische
660 2395 750 2461 hitter,
775 2412 856 2448 wenn
884 2395 955 2447 nicht
973 2397 1022 2447 der
1040 2396 1142 2449 Censor
1167 2396 1249 2448 ihnen
1277 2396 1351 2448 diese

311 2468 383 2520 Ehre
401 2468 546 2535 togetheilt
564 2467 644 2534 hatte,
664 2466 728 2518 aber
745 2468 785 2518 sic
804 2466 932 2535 gehorten
951 2484 984 2519 su
1000 2469 1051 2519 den
1062 2469 1164 2520 ltittern
1182 2469 1236 2519 und
1254 2470 1352 2521 stimm-

309 2548 358 2592 teu
377 2539 465 2608 gleich
483 2540 535 2591 den
554 2539 701 2593 senatorer
718 2536 802 2591 selhst
819 2540 846 2589 ln
865 2538 917 2590 den
936 2537 1078 2591 Centurien
1095 2540 1145 2593 der
1162 2540 1288 2609 Equites]

381 2646 451 2680 cum
477 2629 537 2696 s's's)
573 2629 652 2679 ndml.
669 2646 728 2679 com
744 2627 890 2697 depositus.
928 2628 990 2695 [Fur
1008 2630 1055 2692 tte,
1074 2630 1127 2682 wie
1146 2628 1204 2680 hier
1223 2626 1351 2696 gewlthn-

312 2698 364 2752 lich
382 2700 492 2768 gelesen
510 2699 587 2765 wind,
606 2698 743 2753 wunsohte
763 2698 845 2751 sehon
864 2699 954 2753 Stroth
972 2703 1012 2764 its,
1040 2716 1097 2753 was
1121 2700 1251 2751 nuumehr
1269 2698 1353 2751 durch

311 2772 355 2824 die
373 2772 464 2823 hesart
491 2772 537 2824 des
556 2772 613 2824 Put.
641 2772 695 2825 und
722 2773 797 2824 eines
821 2772 869 2825 der
891 2771 1018 2825 besseren
1042 2770 1199 2825 Godd.com
1217 2774 1239 2823 c's
1258 2786 1352 2824 ausser

311 2842 424 2896 Zweilel
444 2844 551 2912 gestellt
567 2844 622 2909 ist]

780 2975 831 3027 LX.

259 3082 278 3136 4
385 3074 600 3147 [clementiae
617 3082 726 3150 fama)
762 3082 816 3135 Der
842 3080 900 3135 l'ut.
918 3082 1127 3151 clensentc'ceque3
1154 3079 1253 3133 ehenso
1281 3080 1353 3136 uwel

312 3152 360 3204 der
386 3152 512 3204 besseren
537 3151 619 3205 codd.
644 3169 697 3204 von
723 3162 808 3203 erster
829 3152 913 3205 Hand.
955 3152 1104 3207 Alschefski
1127 3152 1172 3205 hat
1191 3153 1352 3221 desswegen

311 3224 425 3274 lenitatis
444 3222 648 3287 (Weissenborn
664 3224 815 3291 facilitates)
842 3224 1031 3294 clementiaeque
1055 3226 1083 3276 in
1108 3224 1158 3277 den
1178 3224 1242 3276 Text
1261 3226 1352 3293 aulge-

312 3308 445 3344 nommen.
481 3292 508 3347 S.
527 3293 597 3345 oben
615 3312 648 3346 zu
666 3293 695 3347 K.
714 3293 757 3360 50,
776 3295 801 3349 8.
838 3292 883 3347 tut
910 3292 1040 3367 gleichem
1065 3295 1163 3348 Rechts
1191 3296 1270 3349 liesse
1295 3293 1353 3349 sich

312 3364 386 3416 wohl
410 3364 476 3417 auch
499 3364 669 3417 vermuthen:
697 3364 760 3417 Indo
781 3365 917 3419 ccms'l's'atc
942 3368 1032 3438 qratia
1049 3366 1243 3437 clementiaeque
1269 3368 1351 3435 somn,

310 3436 401 3487 indem
420 3436 466 3488 der
484 3436 585 3489 husfall
610 3452 664 3489 von
687 3440 776 3506 qratia
805 3438 887 3491 durch
912 3440 954 3491 die
972 3438 1159 3492 Aehnlichheit
1185 3440 1232 3491 der
1255 3454 1352 3492 voran-

312 3506 452 3577 gehenden
472 3508 572 3575 Splben
590 3508 739 3561 veranlasst
756 3510 866 3561 werden
885 3510 1007 3577 leonte]

383 3597 444 3632 nos
461 3582 501 3632 ad
517 3584 623 3633 martt.
643 3599 675 3633 m.
688 3598 758 3649 pop.
770 3610 802 3620 —-
817 3582 941 3650 coluit)
961 3578 1192 3650 Vgt.zult.46,6;
1210 3578 1353 3646 XXXVIII,

312 3650 348 3705 28
366 3650 434 3703 med.
470 3652 554 3703 Metus
571 3654 605 3704 cd
621 3671 704 3705 omnes
721 3652 813 3717 volarit,
839 3673 871 3705 ne
889 3654 1033 3705 deditebnem
1059 3662 1226 3716 reeuscr·ent,·
1253 3650 1297 3718 vt,
1317 3651 1353 3705 34

311 3723 381 3774 med.
399 3726 510 3792 potentis
527 3726 584 3775 otri
624 3742 685 3775 oum
702 3727 771 3776 inter
797 3728 840 3777 sot
865 3728 978 3793 corperis
1005 3726 1116 3777 homines
1144 3734 1196 3775 tom
1223 3727 1300 3775 ettam
1319 3723 1354 3775 cd

309 3794 421 3863 plebem
448 3794 613 3860 dagegenX
638 3795 690 3862 Xl,
708 3795 744 3849 48
771 3798 806 3847 in.
834 3794 912 3865 Apud
935 3813 1054 3865 mcqncns
1077 3805 1179 3866 portem
1202 3804 1307 3847 senatos
1329 3802 1354 3845 et

311 3866 485 3935 mayrrituds'ne
502 3880 591 3917 rerum
606 3875 735 3935 pestcnwm
752 3868 852 3919 colebat
871 3876 895 3919 ot
913 3872 1009 3935 protea.

383 3940 417 3989 s'n
433 3936 507 3988 med.
527 3954 648 4005 quoque
666 3955 709 3989 ac.
729 3940 780 4006 m.)
815 3938 874 4007 vgt.
895 3938 964 3989 oben
983 3956 1016 3991 nu
1026 3938 1054 3991 ti.
1075 3938 1117 4005 11,
1138 3938 1172 3993 12
1191 3936 1245 3989 und
1263 3935 1307 4003 25,
1327 3934 1352 3989 9.

383 4009 576 4073 ferociores
593 4008 677 4074 iam)
713 4008 770 4061 Iam
788 4008 857 4062 steht
876 4009 956 4061 obers
975 4010 1045 4063 beim
1060 4010 1237 4077 KomparatiV,
1256 4022 1300 4059 um
1320 4022 1353 4057 zu

312 4078 484 4146 bezeichnen,
504 4078 564 4131 dass
583 4079 626 4130 die
645 4080 807 4149 Steigerung
834 4080 882 4133 auf
906 4083 993 4133 einero
1017 4080 1179 4133 raumlichen
1199 4080 1263 4131 oder
1291 4080 1354 4130 zeit-

313 4150 399 4203 lichen
409 4150 581 4202 Fortschritte
596 4149 704 4202 beruhe.
731 4151 838 4221 xxvii,
847 4152 882 4207 39
897 4154 965 4205 med.
984 4156 1053 4206 inter
1070 4156 1174 4205 mitiora
1192 4156 1244 4204 tom
1262 4160 1353 4203 trans-

311 4222 367 4273 ttae
388 4223 517 4274 bominum
541 4221 730 4292 ἐκφύῃ-Ἦ,
758 4222 775 4277 6
797 4226 833 4277 in.
861 4224 899 4277 De
925 4243 989 4295 apro
1007 4225 1139 4295 Pomptino
1158 4252 1191 4264 -
1211 4232 1295 4277 cotom
1319 4222 1355 4273 od

310 4293 510 4363 frequentiores
526 4297 580 4348 tor»
593 4294 734 4365 papatum.
794 4346 799 4353 ,
