3009 4959
290 302 398 418 aaa'
582 308 893 417 ''mrrurm
983 398 987 405 .

289 512 366 579 tudo
387 519 506 580 antam
527 510 585 578 seul
597 511 770 598 agrestium
794 512 896 595 etiam,
920 524 1000 594 quos
1017 510 1051 575 in
1068 509 1173 594 aliqua
1194 524 1252 576 sua
1269 512 1337 578 ior·

237 608 256 665 o
290 611 366 669 tuna
382 602 506 686 publica
524 622 649 687 quoque
668 601 869 686 contingebat
887 618 973 665 cura.
1010 601 1088 665 'lum
1106 600 1336 667 lectisternium

293 712 352 776 per
388 692 525 757 triduum
555 693 694 756 habitum
727 691 914 755 decemuiris
946 706 1108 754 sacrorum
1143 690 1334 756 curantibus.

292 783 358 850 Sex
375 782 548 864 pulvinaria
565 782 599 846 in
617 788 788 862 conspectu
807 780 944 861 fuerunt,
963 779 1028 843 lovi
1044 798 1082 843 ac
1101 778 1211 844 lunoni
1228 798 1334 866 unum,

292 872 424 936 alterum
451 870 595 954 Neptuno
618 888 656 934 ac
678 870 854 949 Minervae,
882 868 1007 932 tertium
1033 867 1125 933 llarti
1147 887 1185 933 ac
1206 868 1334 958 Veneri,

292 968 436 1043 quartum
458 960 596 1042 Apollini
618 977 656 1023 ac
678 960 807 1040 Dianae,
828 958 967 1040 quintum
985 958 1124 1021 Vulcano
1148 976 1185 1023 ac
1207 959 1333 1045 Vestae,

237 1052 276 1114 10
293 1057 418 1115 sextum
439 1048 597 1114 Mercurio
628 1056 661 1112 et
683 1047 802 1112 Cereri.
848 1048 925 1111 'lum
950 1046 1046 1111 aedes
1069 1054 1172 1111 votae.
1217 1048 1335 1114 Veneri

290 1138 447 1223 Erycinae
470 1138 581 1202 aedem
604 1138 640 1213 0.
664 1137 776 1201 Fabius
799 1136 952 1201 Maximus
980 1135 1117 1201 dictator
1138 1137 1238 1213 vovit,
1263 1138 1335 1219 qula

290 1229 335 1292 ita
358 1246 400 1291 ex
422 1227 567 1291 fatalibus
589 1227 678 1291 libris
702 1227 817 1291 editum
848 1232 932 1306 erat,
959 1233 994 1289 ut
1016 1226 1043 1290 is
1074 1233 1216 1308 voveret,
1246 1228 1334 1291 cuius

240 1304 251 1325 ⁰
291 1318 460 1381 maximum
487 1318 651 1399 imperium
680 1316 713 1379 in
743 1316 867 1381 civitate
900 1322 996 1381 essct.
1042 1314 1139 1381 Menti
1168 1314 1280 1381 aedem
1298 1316 1332 1381 Τ.

294 1405 445 1471 Otacilius
467 1414 595 1489 praetor
616 1405 711 1469 vovit.

239 1526 257 1585 1
371 1512 423 1577 Xl.
463 1513 508 1578 lta
530 1511 626 1578 rebus
659 1510 774 1593 (livinis¹
792 1510 928 1595 peractis
955 1519 1020 1577 tum
1050 1511 1089 1577 de
1120 1472 1333 1595 tellureque

293 1600 334 1665 de
355 1602 480 1685 publica
503 1602 635 1667 dictator
651 1604 781 1685 rettulit,
801 1602 912 1685 quibus
935 1608 1052 1685 quotve
1071 1600 1248 1685 legionibus
1270 1603 1334 1669 vio·

291 1742 514 1755 —n——n———a

364 1814 717 1885 incteocfortanc)
751 1810 840 1867 Ueher
858 1792 925 1869 ina.
946 1812 1014 1867 oben
1032 1810 1263 1885 auxx1,3o,a
1292 1816 1332 1871 zu
1438 1848 1440 1851 -

292 1889 401 1956 fortiora
417 1888 473 1957 vgl.
492 1886 513 1955 l,
529 1888 566 1943 42
585 1896 651 1941 extr.
678 1886 863 1956 6616666666
881 1886 1013 1957 dignitatis
1035 1889 1219 1957 fortunaeqm
1245 1886 1281 1941 it.
1300 1888 1335 1943 56

287 1960 363 2017 med.
382 1976 461 2029 neque
477 1962 506 2013 itt
522 1962 630 2027 fortunio
646 1958 871 2029 eoncupimendum
887 1956 1051 2027 (qumquam)
1068 1958 1213 2029 relinquere
1230 1964 1336 2024 ctutum

293 2030 328 2098 11,
346 2028 382 2084 14
399 2031 468 2083 med.
487 2035 572 2084 coctt'o
589 2034 710 2099 fortunae
727 2033 830 2099 accim
847 2028 941 2096 XXIX,
960 2028 976 2082 1
995 2030 1031 2081 in.
1056 2032 1187 2099 pmnmpes
1203 2048 1295 2100 omero
1312 2040 1336 2085 et

293 2104 417 2170 [ortum
443 2101 520 2169 xit,
538 2103 574 2158 32
592 2110 652 2171 post
669 2104 706 2154 in.
731 2101 889 2170 praedivites
906 2100 962 2163 olii,
990 2101 1046 2164 clii,
1071 2118 1133 2170 quos
1155 2103 1265 2167 fortuna
1287 2121 1337 2157 nott

295 2182 443 2241 aequarent,
467 2175 506 2227 dria
523 2174 664 2242 sumptibus
678 2190 773 2242 percu
800 2179 880 2223 unten
904 2170 934 2223 Κ.
952 2169 996 2238 41,
1015 2170 1032 2225 6
1050 2180 1138 2225 costra
1160 2174 1238 2243 plenu
1255 2176 1336 2228 omnis

294 2246 416 2311 fertum
430 2245 549 2313 publicae
564 2247 747 2314 advotatum,-
766 2241 853 2305 Quint.
872 2242 935 2295 Inst.
954 2242 1035 2309 v1,1,
1053 2242 1089 2297 50
1106 2240 1231 2313 qucm'de
1247 2262 1336 2297 necm-

296 2315 406 2367 sitatda'ne
423 2316 506 2366 multa
528 2317 642 2378 tossen
670 2317 700 2367 de
726 2315 833 2382 fortuna
859 2330 964 2384 quoque,
992 2330 1043 2383 quo
1059 2323 1165 2385 uterqnte
1182 2316 1336 2381 abundabat,

295 2386 398 2438 adiecit.
427 2386 506 2437 Soust
523 2390 558 2438 ist
576 2385 723 2439 derPlural
741 2387 862 2452 sortcnce
880 2386 907 2437 in
926 2385 1026 2438 dicaam
1037 2384 1119 2438 Sinna
1137 2386 1266 2455 hauliger.
1297 2386 1337 2441 Im

294 2456 452 2526 Folgenden
477 2456 524 2509 hat
542 2455 650 2510 Gronov
677 2456 747 2509 ohne
775 2456 952 2525 geuugenden
977 2454 1065 2509 Gruud
1090 2456 1133 2509 die
1151 2456 1242 2510 Lesart
1270 2457 1336 2511 aller

294 2526 378 2580 6666.
393 2528 497 2597 publico
514 2530 562 2580 mit
583 2530 701 2599 pullatae
723 2528 884 2590 vertauscht‚
911 2528 999 2581 worin
1024 2527 1077 2580 ihm
1102 2536 1207 2597 spitere
1225 2528 1336 2583 Herans·

297 2598 380 2667 geber
399 2598 503 2668 geiolgt
520 2601 586 2653 sind.
617 2600 800 2653 Publicanum
817 2598 945 2669 istSorge
965 2598 1007 2651 fur
1023 2598 1069 2652 das
1080 2600 1336 2672 allgemeineWolnl

294 2672 349 2723 wie
368 2670 400 2737 ll,
419 2670 454 2724 41
472 2673 508 2723 in.
524 2672 628 2741 pcdln'oo
644 2672 794 2734 6611666666,
812 2669 866 2722 und
886 2669 933 2721 der
951 2672 1062 2723 weltere
1073 2671 1148 2739 Sina,
1166 2672 1218 2724 den
1232 2672 1337 2741 pollice

294 2760 363 2795 crac
380 2741 433 2809 hat,
453 2742 492 2795 als
506 2743 625 2811 psittacos
642 2746 763 2811 fortunae
780 2760 845 2795 curo
863 2740 906 2793 die
926 2740 1011 2810 Sarga
1038 2741 1080 2794 lllr
1093 2748 1096 2755 ’
1107 2743 1159 2795 den
1177 2742 1335 2797 Wolalstantl

299 2813 365 2865 oder
381 2811 470 2866 Besitn
498 2813 779 2881 consciscentem
805 2812 864 2865 hier
880 2812 1003 2865 Eratonos
1031 2813 1101 2866 noch
1120 2830 1334 2885 angemessenot.

296 2884 358 2953 llgl.
377 2884 444 2938 auch
462 2879 545 2937 auten
563 2885 592 2939 ll.
611 2886 656 2953 33,
674 2886 691 2939 6
708 2904 740 2938 ne
758 2886 895 2954 tmytoqoa
912 2884 1012 2955 quidem
1028 2884 1140 2955 (coac),·
1163 2884 1256 2957 XXIV,
1273 2886 1301 2952 4,
1318 2885 1337 2943 4

297 2965 445 3009 convo-tere
462 2957 498 3008 cd
509 2956 639 3025 publicone
652 2960 761 3027 privata
779 2959 877 3009 aarum
916 2972 918 2975 ·

243 3026 261 3081 9
364 3028 586 3096 pulvinario)
623 3028 649 3082 S.
668 3044 702 3080 nu
719 3027 789 3094 xxi,
809 3027 853 3095 62,
872 3027 897 3081 8.

243 3097 279 3152 10
369 3096 509 3163 [editum
526 3098 622 3165 erat)
656 3096 1125 3152 116626666661616616666666.
1144 3099 1254 3153 edictum
1271 3110 1335 3157 erut.

294 3166 377 3219 Beitle
396 3166 499 3219 thrter
517 3168 577 3220 sind
594 3170 623 3220 in
642 3168 693 3221 den
712 3168 857 3221 llandschr.
875 3169 965 3240 hitulig
982 3172 1030 3223 mit
1051 3172 1178 3224 einander
1200 3173 1337 3227 verweclr·

297 3238 362 3305 selt3
390 3252 421 3290 so
440 3237 509 3289 steht
527 3256 550 3301 ².-
568 3238 598 3291 B.
616 3238 683 3290 lum
708 3240 807 3293 vorher
826 3240 863 3306 (ξ.
882 3240 913 3308 8)
933 3243 961 3293 in
979 3241 1118 3295 mehreren
1137 3241 1218 3295 Codd.
1237 3246 1337 3314 suppli-

297 3311 366 3361 catio
385 3309 461 3361 edito.
498 3308 559 3377 Vgl.
577 3326 611 3361 nu
629 3310 699 3379 XXI,
716 3312 762 3379 62,
780 3311 811 3378 73
824 3312 883 3363 und
902 3311 980 3381 xiil,
997 3314 1093 3368 2metl.
1107 3328 1245 3383 pacemque
1263 3318 1337 3369 dom

293 3384 352 3451 peti
364 3382 561 3448 precaminibus,
588 3384 635 3451 qui
649 3384 714 3435 editi
729 3402 764 3435 eoe
789 3384 915 3449 fatalibus
932 3385 1009 3437 libris
1031 3394 1120 3449 areat,
1145 3386 1251 3455 616666.
1287 3388 1337 3441 Die

295 3450 405 3503 warte:
431 3460 462 3503 ct
478 3454 502 3503 is
518 3462 629 3516 66666,
647 3457 721 3507 ccicc
739 3482 774 3494 -
793 3464 857 3507 esset
881 3454 999 3523 gehoren
1028 3457 1089 3511 ulem
1107 3454 1209 3509 lnlralte
1227 3458 1276 3510 der
1293 3458 1337 3512 bei

297 3522 385 3576 dieser
409 3520 585 3593 Gelegenheit
608 3524 762 3579 erlraltenen
789 3526 994 3593 Sibyllinisolnen
1013 3526 1196 3581 Vorschriiten
1220 3544 1263 3583 an.
1300 3529 1336 3584 So

296 3593 466 3648 bestimmten
494 3597 561 3648 auch
587 3598 630 3650 die
649 3596 855 3651 Marcianischen
874 3597 1086 3669 Weissagungen
1112 3600 1164 3653 den
1187 3598 1336 3669 Magistrum,

297 3666 417 3722 walchen
443 3667 487 3719 die
505 3666 736 3735 Apollinarisclsen
755 3669 845 3738 Spiele
868 3685 902 3721 uu
925 3669 1007 3723 leiten
1033 3670 1111 3725 lanbe.
1147 3670 1174 3739 S,
1193 3671 1275 3740 XXV,
1294 3672 1336 3739 12,

297 3738 388 3864 {1th
390 3738 489 3863 xxa
489 3739 623 3876 dialem&
643 3743 761 3810 praemit
783 3748 891 3811 praetor
907 3742 940 3807 ir,
966 3744 1013 3812 qut
1028 3745 1069 3801 istu
1092 3743 1184 3814 popvlo
1205 3744 1337 3815 plebeique

352 3829 362 3863 ι
1055 3860 1058 3867 Ι
1127 3828 1128 3835 ,

736 3913 740 3919 ’
771 3933 815 3989 x1.

244 4040 261 4096 1
368 4040 453 4109 tom)
489 4038 516 4096 S.
535 4039 605 4094 oben
623 4056 657 4095 zu
674 4040 744 4110 xxi,
763 4041 850 4111 11,8t

365 4129 468 4183 reqtte
489 4113 526 4165 de
545 4112 703 4183 publica)
727 4113 799 4183 tgl.
818 4123 898 4169 unten
916 4130 950 4171 nu
968 4116 998 4169 Κ.
1016 4116 1062 4187 26,
1079 4116 1105 4173 7.

369 4184 502 4253 [quitos
520 4193 639 4255 quotae
654 4185 690 4253 t)
724 4184 814 4239 Durclr
831 4206 862 4241 oe
879 4189 950 4243 wind
967 4188 1040 4243 nicht
1056 4189 1144 4244 seiten
1162 4184 1338 4244 Vercellis·

298 4252 401 4309 denes
426 4256 455 4308 in
473 4256 534 4310 dem
551 4256 633 4316 sinae
651 4256 815 4315 aneinnnder
840 4260 958 4330 geroius,
980 4262 1043 4319 adast
1060 4261 1143 4321 una
1166 4262 1214 4319 dat
1231 4262 1339 4321 nucero
1442 4308 1445 4316 ,
