3009 4959
163 720 166 727 ,
226 605 347 731 om
381 604 530 735 som
548 763 551 769 .
566 605 644 725 so
678 604 833 733 osso
864 600 1113 732 ooooos

526 814 673 901 LIBER
704 814 824 900 xxn.
893 832 895 836 '

474 1013 870 1050 WWWWWWWWW

559 1188 797 1256 emmone,
842 1261 846 1268 ,
909 1146 912 1157 ’

227 1308 359 1364 Hannibal
375 1327 423 1379 per
440 1312 572 1362 mammis
589 1313 693 1378 niqilias
718 1313 747 1362 iss
767 1311 902 1380 paludibus
924 1310 994 1365 ocislo
1011 1313 1109 1365 amissa
1124 1312 1196 1381 benit

157 1385 188 1437 in
204 1382 360 1449 Etruriam
374 1398 424 1449 pes
441 1398 505 1449 quas
519 1382 627 1449 paludes
643 1382 784 1451 quatm'lm
801 1391 826 1434 et
843 1383 929 1435 tribus
940 1384 1057 1440 noctibus
1067 1386 1123 1437 sine
1138 1382 1195 1437 ullo

158 1457 246 1523 requie
262 1455 313 1506 iter
329 1455 401 1520 feeit.
438 1453 465 1504 0.
485 1453 631 1505 Flaminius
647 1453 743 1515 consul,
761 1454 832 1507 lonso
850 1454 1012 1517 temerarius,
1031 1462 1125 1507 contra
1141 1470 1196 1506 au-

158 1528 244 1595 spicia
258 1524 406 1593 profectus,
429 1527 509 1592 siquis
526 1524 684 1576 militaribus
700 1525 808 1593 effossis,
833 1542 899 1593 qnae
922 1526 978 1578 tolli
992 1543 1044 1577 non
1064 1532 1196 1594 poterant,

158 1604 184 1647 et
201 1594 235 1647 ab
252 1600 418 1662 equo‚'quem
436 1595 625 1657 corucenderat,
637 1613 686 1663 per
699 1604 780 1663 caput
794 1596 934 1659 deuolutus,
952 1598 1053 1649 insidiis
1071 1596 1103 1647 ab
1116 1594 1194 1647 Han·
1236 1606 1248 1625 ·‘

158 1667 245 1718 nibale
262 1668 453 1718 circumuentus
470 1666 506 1717 ad
518 1666 720 1719 Trasumennum
736 1668 822 1719 lacum
839 1684 898 1720 cum
909 1672 1028 1720 enercitu
1042 1684 1132 1720 cassus
1150 1674 1195 1719 est.

159 1738 214 1791 see
231 1737 314 1798 milia,
331 1753 397 1805 quae
413 1745 567 1804 eruperant,
589 1738 638 1803 fide
661 1754 679 1789 a
696 1738 852 1791 dtalsarbale
874 1740 939 1792 data
958 1740 1071 1808 perfidia
1088 1738 1196 1790 Hanni·

160 1808 225 1860 batis
237 1811 328 1860 cincta
343 1816 412 1858 sunt.
449 1808 533 1871 Quum
551 1809 586 1860 od
602 1812 723 1861 nantium
740 1810 821 1861 cladis
830 1809 927 1862 Romae
944 1810 1110 1872 indurasset,
1129 1809 1197 1861 duae

158 1888 255 1930 matres
277 1896 311 1929 ec
333 1881 465 1945 insperato
488 1883 597 1947 receptis
618 1881 680 1945 filiis
702 1881 798 1949 qaudia
820 1890 938 1933 mortuae
960 1890 1028 1934 sunt.
1067 1881 1104 1934 Ob
1129 1880 1197 1933 banc
1238 1911 1241 1919 ι

157 1950 257 2004 cladem
272 1966 306 2000 ec
325 1948 458 2017 Sibyllinis
473 1950 549 2002 libris
566 1966 612 2006 aer
628 1968 734 2003 morum
748 1958 840 2005 cotum
878 1952 963 2015 Quoue
980 1952 1071 2005 Mndc
1088 1951 1119 2014 Q.
1137 1950 1196 2001 Fa·

159 2021 216 2076 bs'us
233 2021 366 2081 blaaimus
383 2021 496 2073 dictator
517 2022 642 2073 aduersus
665 2022 838 2074 Hannibalem
854 2026 946 2077 missus
969 2022 1046 2075 nollet
1063 2024 1121 2074 aoie
1138 2036 1197 2076 cum

159 2110 187 2145 eo
200 2094 343 2161 constipare,
359 2109 392 2150 ne
404 2101 499 2143 contra
514 2093 626 2157 ferocem
643 2101 679 2143 tot
695 2096 812 2147 victumis
829 2094 924 2147 bostem
941 2097 1063 2147 tenedum
1080 2092 1196 2147 adversis

156 2163 264 2231 praemi
281 2164 387 2215 misen
400 2178 504 2231 pssqnae
521 2168 688 2217 committeret
704 2173 729 2217 et
751 2164 896 2233 opponendo
918 2182 946 2217 se
968 2173 1072 2220 tantum
1088 2170 1196 2221 conatui

158 2234 317 2287 Hannibalis
334 2234 477 2302 impediret,
494 2235 529 2294 dl.
549 2234 681 2287 Minucius
698 2238 823 2304 maqs'ster
840 2238 962 2305 equitum
980 2238 1057 2303 feroc
1075 2244 1100 2287 et
1117 2243 1197 2287 seuc-

159 2308 259 2369 ranius,
271 2306 435 2363 erminando
450 2306 599 2358 &otawrem
617 2315 749 2375 tamquam
765 2322 864 2375 seqnem
881 2316 906 2359 et
923 2308 1041 2359 timidam
1058 2308 1150 2375 effecit,
1166 2312 1199 2360 ss

155 2376 249 2447 populi
270 2380 342 2430 iussu
358 2385 516 2444 aequaretur
533 2380 560 2429 ei
574 2394 632 2429 cuns
646 2379 773 2432 dictam
794 2381 945 2447 inspersum
969 2380 1098 2449 divisoque
1117 2394 1198 2429 ecer-

159 2452 216 2501 eitu
232 2465 312 2515 quum
327 2449 415 2515 iniquo
437 2448 491 2501 loco
509 2452 675 2517 emicuisset,
699 2459 725 2501 et
748 2453 781 2502 in
803 2466 895 2519 ssaqno
919 2451 1067 2503 discrimine
1090 2451 1198 2517 tannes

159 2523 216 2573 eius
233 2528 323 2582 arent,
341 2522 532 2586 superueniente
549 2537 609 2572 cum
625 2525 745 2573 esurite
761 2520 845 2573 Fabio
862 2521 977 2573 Monimo
995 2522 1144 2575 discrimine
1162 2520 1197 2573 li-

160 2590 267 2643 beratsss
284 2598 328 2642 est.
365 2591 421 2654 (luo
438 2591 555 2656 besseslm'a
573 2595 657 2644 nictus
671 2600 763 2643 castra
778 2608 839 2644 cuns
856 2610 883 2643 eo
902 2596 1038 2645 coniuncit
1056 2600 1081 2645 et
1096 2598 1199 2659 poleam

160 2678 218 2714 mm
234 2661 359 2721 salutauit
376 2662 492 2731 idemque
507 2663 597 2727 facere
614 2663 706 2715 milites
723 2665 806 2715 iussit.
844 2662 979 2715 Hannibal
994 2669 1100 2715 sasima
1117 2661 1198 2712 Cam·-

158 2734 244 2800 pania
259 2735 328 2783 inter
347 2731 492 2785 Casilinum
508 2733 627 2800 oppidum
643 2741 668 2784 et
686 2732 839 2784 Calliculam
855 2741 963 2783 montem
981 2748 998 2783 a
1016 2732 1098 2783 Fabio
1122 2731 1199 2783 clau·

161 2820 205 2855 sus
222 2806 360 2856 sarmentis
378 2804 414 2855 ad
430 2820 529 2858 cornua
546 2804 621 2855 boum
643 2804 765 2872 odliqatis
783 2812 807 2854 et
830 2806 943 2855 incensis
963 2802 1125 2871 praesidium
1142 2800 1200 2853 tto-

161 2890 311 2937 manorum,
330 2874 396 2943 quod
412 2874 722 2936 concucurrissent,
744 2875 850 2943 fuqaoit
866 2881 890 2925 et
907 2877 947 2927 sic
964 2883 1141 2942 trausqressscs
1163 2880 1201 2925 est

160 2945 262 2997 saltum.
310 2945 428 3013 Idemque
450 2946 480 3009 Q.
505 2946 585 2997 Fabii
607 2945 720 2997 Maximi
741 2946 890 3011 dictatoris,
917 2962 995 3015 quum
1017 2946 1200 3013 &imposita

160 3024 257 3081 ureret,
275 3034 337 3085 aqna
352 3020 474 3085 pepercit,
492 3025 522 3068 ut
538 3018 611 3071 illum
628 3026 758 3085 tamquam
771 3017 925 3087 proditorem
937 3025 1079 3085 suspectum
1095 3017 1199 3082 faceret.
1231 3042 1233 3049 ν

160 3084 269 3139 Aetnilio
286 3087 376 3139 deinde
393 3088 473 3140 Paulo
489 3097 513 3138 et
533 3088 647 3142 Teresstio
669 3086 782 3144 Varrone
804 3089 948 3141 oonsulibus
965 3096 989 3141 ct
1011 3086 1120 3143 ducibus
1143 3102 1201 3138 cum
1249 3082 1252 3092 ’

161 3174 254 3227 maqna
271 3159 345 3210 clade
362 3159 486 3212 adversas
504 3158 672 3213 Hannibalem
689 3154 836 3213 odCannos
851 3170 994 3231 puqnatuns
1009 3169 1061 3223 est‚·
1079 3174 1200 3227 commus

162 3247 192 3281 eo
204 3230 303 3297 proelio
320 3228 493 3283 Romanorum
511 3230 681 3301 quodraqinta
698 3234 808 3300 quinque
824 3233 898 3285 milia
921 3249 978 3285 cum
995 3232 1076 3285 Paulo
1099 3228 1201 3287 console

162 3308 186 3351 et
203 3300 366 3353 senatoribus
382 3305 516 3370 octoqmta,
525 3301 703 3357 consularibus
719 3310 794 3371 atque
809 3306 949 3373 praetoriis
961 3311 985 3354 et
1001 3302 1130 3357 aediliciis
1148 3302 1201 3354 tri-

159 3373 241 3440 qinta.
277 3371 338 3424 Post
364 3389 439 3440 quam
462 3373 559 3427 cladem
582 3390 659 3443 quum
686 3391 704 3424 a
725 3374 851 3425 nobilibus
875 3373 1074 3425 adolescentibus
1093 3379 1201 3442 propter

161 3442 361 3510 desperationem
381 3444 514 3503 cmuilium
536 3446 566 3495 de
589 3445 757 3512 relinquenda
783 3444 864 3496 Italia
880 3446 1001 3505 iniretur,
1020 3442 1048 3493 P.
1068 3442 1201 3495 Cornelius
1282 3454 1288 3461 ·

162 3513 249 3581 dupio
267 3515 386 3567 tribanus
403 3516 520 3576 militum,
539 3517 585 3584 qni
599 3513 745 3582 Africanus
765 3523 854 3583 postea
878 3516 1021 3565 nomin'ctas
1045 3521 1089 3575 est,
1112 3516 1201 3564 stricto

160 3583 239 3652 'super
256 3589 343 3654 capita
360 3586 554 3638 deliberantium
571 3586 645 3651 ferro
662 3588 767 3649 iurauit,
779 3602 828 3653 pro
844 3584 911 3638 toste
929 3600 986 3635 eum
1002 3600 1028 3636 se
1045 3584 1201 3647 babituram,

161 3658 207 3723 qui
228 3657 258 3707 in
275 3658 356 3709 cerba
378 3674 427 3709 sua
445 3675 495 3709 non
518 3658 642 3718 iurasset,
669 3657 813 3724 effecitque,
842 3664 871 3707 ut
897 3672 981 3707 omnes
1008 3672 1059 3707 nan
1082 3654 1202 3707 relictum

161 3728 200 3779 ini
215 3726 250 3777 ab
266 3744 294 3778 se
310 3728 416 3780 Italiam
432 3728 602 3781 iureiurando
619 3728 847 3794 adstrinqerentnr.
883 3724 1026 3779 Praeterea
1048 3725 1201 3795 trepidatio-

161 3812 219 3850 nem
236 3797 309 3850 urbis
327 3807 352 3851 et
369 3800 465 3853 luctum
482 3809 506 3851 et
523 3817 566 3851 res
589 3802 619 3849 in
641 3798 769 3867 Hispania
791 3796 893 3850 nselsbre
916 3806 1008 3850 euentu
1029 3806 1114 3867 postas
1138 3811 1201 3849 oon-.

162 3872 235 3923 tinet.
270 3870 374 3939 Opimia
390 3880 415 3923 et
437 3872 560 3923 Floronia
588 3867 696 3921 Vestales
720 3870 834 3937 cirqines
856 3870 948 3921 incesti
969 3868 1107 3921 minuatne
1132 3874 1200 3918 sunt.

161 3938 271 4009 Propter
284 3945 442 4010 paucitatem
453 3942 565 3995 militum
576 3956 708 3995 uncorum
725 3948 779 3992 octo
795 3942 870 3995 neilia
887 3948 989 3993 armata
999 3948 1065 3993 sunt.
1091 3938 1203 4007 Captivi,

162 4024 239 4079 quum
253 4020 367 4081 potestas
384 4022 449 4065 esset
466 4012 623 4075 redimendi,
642 4012 766 4081 redempti
787 4027 838 4064 non
861 4020 927 4064 sunt.
968 4010 1084 4065 Varroni
1104 4010 1204 4063 'obviam

162 4086 226 4137 itum
243 4092 269 4136 et
283 4088 387 4154 quatem
405 4093 487 4148 actae,
506 4084 571 4153 qaod
588 4081 618 4134 de
635 4081 769 4152 rmubtica
786 4098 837 4136 non
854 4084 1017 4155 desperasset.

565 4258 801 4279 :m
