3009 4959
505 412 578 483 LIB.
594 410 802 490 tutundi.
828 414 880 481 14·
1136 414 1203 497 bib

162 572 461 661 agrumualomun
483 577 666 661 praedatum
689 576 813 649 dimisit.
844 590 849 649 j
860 574 967 659 Usque
986 572 1025 641 ad
1043 593 1139 662 aquas
1158 578 1205 647 bi·
1224 593 1260 655 ιο
1331 577 1335 585 ’

162 683 335 731 nuessanas
352 668 509 750 populatio
527 688 567 733 ea
580 670 733 751 peruenit.
753 669 930 752 ‘Ingentem
949 666 1079 752 cladem,
1099 669 1206 753 lugam

154 759 267 821 *tamen
288 764 518 840 terroremque·
531 759 622 822 latius
639 757 791 821 Numidae
814 758 970 822 lecerunt.
1011 758 1078 821 Nec
1101 766 1258 827 tamenll

162 848 191 911 ls
212 854 327 927 terror,
351 864 446 927 quum
468 850 571 911 omnia
587 842 876 933 'bellollagrarenn
895 846 962 937 fido,
981 848 1087 911 socios
1109 848 1206 914 diruo-
1241 858 1256 907 s.

162 937 222 999 rit:
244 935 394 999 uidelicet
416 938 489 1020 quia
511 938 594 1002 iusto
617 945 650 1000 ct
671 937 833 1001 moderato
856 936 1049 1019 regebantur
1071 940 1204 1020 imperio

162 1043 224 1180 ζει
245 1024 437 1109 abnuebant,
470 1026 555 1109 quod
576 1044 672 1090 nuum
693 1026 852 1092 vinculum
874 1025 947 1091 lidei
970 1034 1033 1109 est,
1066 1027 1205 1105 meliori«

186 1131 224 1179 us
246 1132 370 1196 parere.
521 1133 527 1145 ·
957 1179 958 1185 ,

246 1203 325 1267 xtt.
361 1203 401 1268 Ut
416 1222 506 1287 vero,
524 1204 687 1289 postquam
705 1204 748 1269 ad·
762 1204 948 1269 Vulturnum
966 1204 1081 1269 llumen
1100 1205 1204 1293 castra
1239 1221 1257 1276 1

162 1300 236 1359 sunt
256 1294 366 1377 posita,
387 1293 579 1359 exurebatur
601 1296 837 1359 amoenissimus
862 1292 967 1359 ltaliae
987 1312 1073 1379 ager,
1097 1296 1216 1373 uillae·¹
1256 1354 1259 1359 .

164 1402 226 1465 que
249 1384 363 1465 passim
385 1383 538 1447 incendiis
561 1384 734 1468 fumabant,
766 1403 824 1467 per
847 1384 921 1468 iuga
944 1384 1068 1449 Massici
1092 1387 1205 1449 montis
1240 1435 1244 1443 .

163 1472 258 1535 Fabio
290 1473 444 1556 ducente,
481 1480 547 1537 tum
578 1492 676 1556 prope
707 1473 747 1537 de
775 1475 901 1557 integro
925 1473 1036 1538 seditio
1061 1490 1204 1539 accensa.
1244 1467 1250 1487 '

166 1561 356 1648 Quieverant
374 1564 457 1625 enim
474 1582 533 1644 per
554 1580 671 1645 paucos
691 1563 768 1646 dieo,
788 1566 869 1647 quia,
890 1582 984 1645 quum
1003 1563 1139 1628 celerius
1157 1570 1207 1627 soi
1242 1583 1261 1640 2

71 1664 75 1672 ·
164 1650 221 1713 lito
245 1650 370 1715 ductum
393 1670 506 1743 agmen
524 1660 619 1731 esset,
639 1653 780 1717 festinari
803 1652 843 1716 ad
864 1652 1088 1733 prohibendam
1110 1670 1206 1735 popu·

162 1739 330 1805 lationibus
360 1740 554 1823 Campaniam
576 1740 785 1808 crediderant.
831 1746 870 1809 Ut
897 1760 975 1807 vero
1004 1744 1036 1806 iu
1065 1752 1205 1807 extrema
1240 1756 1259 1812 3

164 1829 240 1911 iuga
276 1830 401 1894 Massici
443 1832 556 1894 montis
595 1840 747 1915 ventum,
793 1838 825 1895 et
864 1832 972 1895 hostes
997 1832 1070 1895 sub
1109 1832 1209 1895 oculis

164 1925 256 1981 erant
291 1918 416 1981 Falerni
444 1921 513 2002 agri
542 1920 789 2003 colonorumque
815 1920 982 1987 Sinuessae
1007 1928 1092 1985 tecta
1116 1939 1209 1984 uren-

162 2013 225 2089 tes,
244 2024 305 2069 nec
322 2008 387 2072 ulla
405 2016 473 2073 erat
490 2009 606 2073 mentio
631 2028 766 2093 pugnae,
791 2008 1001 2097 Spectctamne
1020 2006 1088 2089 buc,
1108 2011 1209 2093 inquit
1242 2012 1262 2070 4

235 2220 413 2288 vacerrae)
447 2218 509 2291 agr,
536 2218 607 2274 coen
628 2236 663 2273 zu
680 2218 750 2290 uxr,
775 2218 819 2288 ce,
843 2220 885 2277 ro.
922 2203 986 2275 ultr
1014 2218 1083 2275 orne
1110 2217 1207 2274 none.
1227 2217 1262 2274 11

164 2290 193 2350 S·
210 2300 296 2418 um
312 2288 529 2433 {tmesis}
562 2362 820 2433 DisserSatzhttngt
836 2320 970 2417 noclrvon
989 2366 1051 2435 qnia
1065 2364 1108 2435 ab,
1125 2378 1207 2437 wate·

164 2434 228 2490 balb
247 2436 291 2491 die
308 2434 510 2505 luterpuulrtion
529 2434 597 2490 nacla
615 2439 723 2508 inspecto
741 2438 838 2507 getilgt
853 2438 968 2493 worden
987 2438 1030 2492 ist.
1117 2440 1120 2448 “

677 2561 747 2615 xit.

240 2647 447 2723 [postponat]
481 2650 522 2704 tta
540 2651 587 2705 der
604 2650 662 2705 Put
680 2652 736 2703 und
753 2652 826 2705 uwel
843 2666 897 2704 von
915 2647 1205 2705 contemnendane.
1236 2649 1260 2708 ,1

182 2739 242 2775 nam
267 2723 355 2793 geben
382 2722 421 2791 (in
449 2722 501 2776 deu
524 2722 642 2791 jungere
659 2722 804 2775 Handschr.
828 2722 931 2775 scheiut
959 2723 1005 2775 das
1030 2721 1107 2773 Wort
1130 2721 1207 2773 tiber-

162 2740 249 2863 baupt
270 2811 304 2848 zu
328 2795 441 2863 feblen),
467 2810 497 2849 so
521 2792 567 2846 hat
584 2793 735 2847 Alscbeiski
757 2794 800 2847 ittr
826 2810 911 2863 quum,
936 2808 994 2847 was
1020 2791 1128 2845 Gronov
1150 2806 1211 2846 vor·

165 2866 270 2935 schlug,
292 2874 425 2938 postquam
442 2882 476 2919 au
495 2865 538 2918 die
557 2864 641 2920 stelle
668 2874 777 2935 gesetzt
814 2863 960 2917 tedentalls
989 2862 1133 2933 entspricht
1151 2872 1210 2915 sont

162 2942 249 3009 posita
267 2937 355 2991 dieser
372 2938 491 2992 Partilrel
514 2936 614 3006 beseer,
641 2937 771 2991 wabrend
794 2950 857 2993 man
879 2936 948 2992 uach
972 2950 1050 3009 ᾳιιιιιιι
1073 2935 1132 2989 bier
1157 2935 1209 2989 den

166 3010 328 3077 Konjunktiv
345 3009 514 3079 Plusquamp.
533 3019 668 3063 erwarten
686 3008 794 3077 durite]
1012 3007 1016 3016 ’
1178 3072 1180 3079 Ι

164 3081 1010 3223 aaalilla?‘cttttll‘lzlnltntnltz‘ttttt
1018 3078 1239 3205 {eiiii-Ji}
1330 3176 1335 3184 ·

164 3225 286 3277 reclinaris
295 3224 508 3295 cceemipm'dnna
523 3224 720 3293 fenerantem,
738 3242 789 3277 nur
798 3229 826 3277 in
835 3226 906 3279 zwei
920 3225 1054 3294 jungerem
1065 3221 1210 3277 llandschr.

165 3295 256 3347 lchlen
275 3297 318 3349 die
336 3296 428 3349 Worte
447 3313 479 3348 oc
496 3299 527 3349 de
544 3298 675 3351 seditione.
712 3298 801 3349 Daher
819 3296 1017 3365 lrabenbipsius
1037 3296 1090 3348 und
1101 3294 1209 3349 Gronov

166 3367 210 3420 die
228 3366 311 3423 Stelle
335 3382 366 3421 so
384 3367 524 3437 gestaltet,
549 3372 603 3423 wie
621 3372 661 3422 sie
679 3368 750 3420 oben
778 3369 901 3440 gegeben
919 3371 961 3421 ist.
998 3368 1081 3436 Prope
1106 3367 1211 3421 scheint

168 3456 203 3490 zu
230 3440 320 3494 seditio
346 3456 380 3491 zu
408 3438 534 3507 gehdren.
572 3440 611 3492 Zu
632 3439 711 3492 ‘einer
734 3438 844 3493 solehen
863 3438 1006 3506 Synchysis
1036 3440 1070 3502 (si
1091 3439 1213 3490 obenan

168 3510 240 3578 XXI,
256 3512 300 3577 32,
319 3510 350 3578 6)
370 3511 470 3562 kouute
488 3510 546 3563 hier
565 3512 612 3563 der
630 3510 821 3565 Schriltsteller
838 3510 920 3561 leioht
938 3508 1021 3559 durch
1045 3508 1097 3557 den
1115 3511 1142 3559 in
1161 3509 1211 3561 sei·

162 3582 309 3640 ¹nerSeele
328 3581 576 3635 vorherrschenden
594 3570 697 3651 begriff
711 3583 802 3635 seditio
819 3579 968 3635 veranlasst
983 3577 1103 3631 werden.
1131 3580 1214 3643 Quie-

165 3672 238 3706 scere
255 3653 331 3721 „sich
349 3653 428 3723 ruhig
439 3652 605 3719 verbalteu“,
620 3656 648 3705 in
661 3650 946 3719 welcherBedeutung
965 3666 993 3705 es
1008 3649 1077 3701 deun
1097 3648 1144 3714 olt,
1159 3650 1214 3700 wie

167 3724 302 3778 Drakenb.
320 3726 451 3793 hemerkt,
470 3740 501 3778 so
520 3724 574 3778 viel
592 3727 627 3778 ist
645 3725 698 3777 als:
726 3742 744 3776 a
761 3724 891 3785 seditione,
910 3740 928 3775 c
947 3722 1058 3775 tumultu
1075 3719 1214 3784 obstinere,

162 3798 254 3863 ¹assellus
274 3798 366 3851 turbas
383 3816 490 3851 monere.
518 3795 579 3865 vgl.
598 3796 645 3863 lll,
662 3795 698 3849 48
717 3796 767 3865 in.3
787 3794 822 3849 65
839 3794 925 3863 med,
944 3794 989 3867 Ill,
1006 3793 1040 3847 49
1050 3801 1112 3861 post
1129 3787 1212 3859 med,

168 3866 241 3949 Vlll,
258 3869 276 3925 2
294 3878 376 3937 extr.;
394 3868 447 3937 XL,
465 3868 500 3923 36
517 3870 570 3939 in.3
588 3866 664 3937 XLV,
682 3865 718 3923 22
736 3874 797 3936 post
814 3868 850 3919 in.
1153 3932 1157 3942 ι

235 3959 477 4027 μοΙιίόοιιόαιιι
499 3958 785 4027 populationibus
813 3956 858 4023 C.)
895 3972 939 4011 um
962 3954 1125 4023 Rampmien
1154 3968 1217 4013 tlon
1243 3950 1261 4013 2
1345 4023 1348 4029 Ι

164 4028 337 4099 Plauderung
355 4030 414 4083 feru
438 4045 472 4082 uu
490 4028 581 4082 hulten
599 4030 625 4081 d.
644 4029 669 4081 h.
689 4044 738 4081 vor
756 4028 927 4096 l’ldnderuug
951 4044 985 4079 zu
1009 4024 1163 4079 bewahren.
1191 4024 1213 4093 l,

162 4101 200 4155 39
224 4110 291 4153 extr.
315 4103 347 4155 ab
372 4104 465 4171 regina
487 4100 607 4153 moa
629 4102 784 4170 protttttam
809 4102 899 4167 ferant
925 4102 1054 4161 servilius
1073 4093 1154 4164 XXV,
1179 4098 1215 4153 lb

164 4174 202 4233 in.
229 4190 279 4242 quo
302 4176 434 4243 praesidio
458 4189 532 4241 αςτοι
554 4173 766 4240 ρῳιιιαειοιιῶιιε
790 4181 889 4242 possent
913 4170 1065 4239 probibere,·
1094 4169 1163 4221 eben
1181 4180 1231 4225 so'

166 4243 260 4311 XXVI,
278 4244 296 4298 8
314 4254 394 4312 extr.;
412 4243 505 4311 xxx1,
524 4242 559 4296 25
577 4243 646 4295 med.
666 4243 705 4309 [S.
724 4243 753 4296 Z.
773 4246 796 4309 ξ.
815 4244 886 4312 4693
905 4242 990 4295 Madv.
1010 4244 1034 4305 ἓ.
1053 4240 1126 4309 2610]

235 4315 462 4395 tonost-tlte),
490 4313 566 4381 Auclr
583 4314 628 4379 bet
639 4314 701 4380 ,lim
719 4314 769 4394 bat
782 4319 874 4387 inquit,
888 4329 945 4379 ,wo
964 4314 1022 4377 sein
1040 4312 1144 4383 Nomen
1162 4330 1209 4367 un·
1238 4308 1264 4383 ,4

952 4402 1023 4459 18*
