3009 4959
500 395 572 463 Lm.
594 394 674 465 XXI.
705 396 790 466 Ohl’.
814 397 867 464 63.
1129 398 1195 467 221

153 557 453 625 rumoertemInnm
484 578 555 624 cnm
577 560 734 644 Patribus,
768 578 849 643 quae
871 558 1137 643 tribunusplebis
1167 570 1199 628 et

153 666 235 731 quoe
257 658 369 731 postea
393 650 503 714 consul
525 652 612 732 prius
635 650 675 714 de
704 651 877 732 consulatu,
904 651 957 732 qui
981 649 1198 733 abrogabatur,
1237 704 1240 710 ,

154 740 227 801 dein
260 738 300 801 de
329 740 485 821 triumpho
518 739 686 821 babuerat,
715 741 833 802 inslsus
863 742 955 802 etium
987 739 1127 803 Patribus
1161 739 1199 803 ob
1233 746 1253 803 Β

152 844 267 891 novem
290 827 575 910 legem,qun1n0.
599 828 744 892 Claudius
763 829 903 891 tribunus
927 828 1027 910 plebis
1050 829 1200 893 adversos

153 924 298 981 senatum
320 925 414 999 atque
437 935 500 980 uno
523 918 647 980 Petrum
667 918 832 982 adiuvante
856 918 888 983 6.
904 918 1052 981 FlaminIo
1075 918 1199 999 tulerat,

223 1117 447 1181 certaminum
473 1145 549 1180 oum
574 1125 621 1195 P.)
655 1124 716 1196 vgt.
741 1128 811 1180 oben
830 1145 863 1181 zu
881 1128 910 1180 II.
931 1128 974 1197 11,
999 1126 1097 1197 1331t.
1117 1117 1197 1195 56,8

149 1200 754 1336 ttt‘t'tttt'tttttttttttt-
767 1198 873 1323 hirii
888 1198 1199 1325 ‘ttl'ttitlblt

151 1310 278 1395 Romanii
297 1346 439 1404 societatis;
457 1342 492 1393 ib.
512 1341 546 1395 27
565 1340 613 1393 sub
632 1341 676 1393 fin.
695 1309 793 1410 inte'pro
811 1309 896 1395 seorim
911 1309 1032 1408 sociem
1054 1342 1088 1395 ih.
1107 1342 1143 1397 44
1161 1345 1197 1395 in.

153 1414 246 1467 bellum
265 1432 322 1466 oum
338 1414 500 1477 Hannibale,·
520 1413 587 1465 eben
606 1428 636 1465 so
650 1412 791 1480 XXXVIII,
812 1414 845 1467 16
864 1422 928 1465 extr.
954 1412 1058 1467 Oeiters
1077 1414 1199 1467 schlieset

152 1485 209 1537 sich
227 1504 286 1536 cum
304 1488 338 1538 im
349 1484 430 1538 Sinne
450 1486 495 1536 des
516 1483 697 1553 griechischen
717 1480 787 1549 ἔχων
806 1502 839 1537 un
859 1484 1067 1541 dnsSubstentiv
1086 1502 1128 1553 on,
1144 1486 1198 1537 wie

153 1554 259 1622 XXVII,
283 1556 383 1609 4ertr.
405 1558 553 1625 Tarquiniis
568 1573 675 1625 porcum
691 1575 749 1607 cnm
767 1575 810 1609 ore
829 1558 937 1609 humano
953 1561 1081 1627 penitum3
1106 1557 1139 1608 ib.
1161 1556 1194 1613 11

155 1636 216 1694 post
234 1630 269 1678 in.
289 1646 346 1679 oum
364 1629 491 1696 elephanti
506 1631 588 1696 capite
603 1644 684 1695 puer;
701 1626 794 1694 XXXI,
815 1627 849 1681 12
867 1628 934 1679 med.
954 1629 1096 1681 Frusinone
1113 1646 1194 1697 apnus

153 1716 211 1750 curn
237 1699 311 1751 suillo
338 1703 420 1768 capite
440 1700 577 1751 Sinuessae
600 1716 695 1768 porcus
720 1718 779 1751 cum
805 1703 889 1768 capite
915 1700 1025 1753 burnano
1051 1708 1142 1751 natus:
1169 1701 1197 1751 in

152 1768 321 1894 ὲῖοιὲνζιῖᾒ-
346 1771 465 1841 equuleus
487 1788 545 1823 cum
571 1774 681 1841 quinoque
701 1773 822 1839 pedibus;
852 1768 964 1838 XXXII,
988 1771 1004 1828 1
1024 1780 1104 1840 exin,
1128 1769 1198 1837 XLI,

223 1949 379 2001 tribunus
401 1949 462 2017 pb)
498 1948 556 2001 Vol.
575 1948 643 2001 blan.
661 1948 706 2015 IV,
724 1948 756 2015 4,
775 1948 793 2003 5
812 1950 895 2014 Quium
913 1951 1059 2002 Flaminius
1077 1950 1195 2001 tribunus

151 2019 230 2087 plebis
254 2021 332 2088 lepem
354 2021 384 2071 ἀι
413 2020 512 2073 Gallico
537 2036 602 2089 apro
628 2023 728 2072 viritim
755 2021 890 2073 diuidendo
911 2022 1093 2090 promulpasset
1116 2023 1198 2073 inuito

154 2100 258 2153 semutm
285 2092 404 2159 praeibas
421 2094 547 2159 minisque
563 2095 619 2143 eius
636 2094 755 2143 resistens
778 2108 810 2143 ao
835 2110 867 2145 ne
886 2096 1002 2144 euerntu
1024 2093 1123 2161 quidem
1146 2091 1197 2143 asl-

154 2179 245 2214 oersus
261 2180 289 2214 se
305 2167 454 2231 conscripto,
478 2167 504 2215 si
520 2166 549 2214 in
566 2164 653 2214 eadem
669 2166 793 2215 sententia
815 2172 1010 2232 perseveraret,
1035 2163 1196 2225 absterritus,
1268 2177 1272 2185 ··

149 2242 283 2303 postquam
297 2251 346 2301 pro
363 2238 456 2285 rostris
473 2237 501 2284 ei
514 2234 594 2302 lepem
610 2237 663 2286 iam
679 2236 777 2301 ferenti
795 2244 871 2304 peter
889 2252 994 2288 monum
1012 2238 1110 2297 mucii,
1131 2238 1194 2304 pri·-

151 2313 210 2357 cato
226 2306 331 2372 fractus
348 2308 455 2374 irnperio
472 2306 600 2357 muenia
615 2324 629 2357 e
647 2309 747 2359 rostris.

223 2420 255 2463 ct
272 2428 354 2481 quae
369 2430 396 2481 p.
417 2413 555 2481 consul)
589 2412 643 2465 Dae
663 2412 811 2466 Relativnm
830 2412 864 2465 ist
886 2412 954 2466 nach
978 2422 1002 2466 et
1028 2410 1197 2481 winderholt,

152 2481 217 2536 weil
237 2482 280 2535 die
300 2483 410 2551 Kimpie
430 2484 530 2537 andere
549 2483 588 2537 cie
608 2484 651 2537 die
670 2484 768 2537 verber
787 2484 941 2537 erwihnten
959 2500 1060 2538 waren.
1107 2484 1200 2551 [Eben

152 2569 183 2606 so
202 2556 315 2624 mirque
334 2555 403 2606 oben
422 2554 515 2623 1621,
540 2557 555 2609 1
579 2557 675 2609 auditis
701 2575 765 2625 quae
788 2556 883 2608 Romae
906 2572 1019 2627 quaeque
1044 2556 1197 2625 Carthapine

152 2636 211 2686 octo
232 2654 264 2663 —
288 2627 387 2692 forent·
409 2624 520 2694 XXVII,
543 2625 578 2681 35
602 2626 650 2679 sub
675 2628 719 2679 fin.
747 2628 899 2680 Exercitum
926 2646 940 2678 e
967 2628 1076 2691 duobus,
1101 2632 1147 2697 qui
1169 2632 1197 2681 in

153 2696 238 2749 Gallia
255 2701 345 2766 quique
363 2701 391 2750 in
408 2698 520 2750 Etruria
538 2706 602 2750 esset
619 2727 653 2737 -
672 2701 792 2767 eliperet,·
817 2698 872 2766 vgl.
892 2695 958 2749 euch
977 2698 1063 2765 XXX,
1087 2698 1122 2752 30
1147 2698 1195 2765 in]

152 2766 205 2819 Zur
223 2766 308 2820 Socbe
326 2768 381 2836 rgl.
400 2767 443 2820 die
461 2768 631 2837 Bemerhung
650 2769 697 2821 dee
716 2768 853 2837 Sigonius:
878 2770 917 2820 De
944 2768 1074 2821 consulatu
1098 2777 1122 2820 et
1141 2772 1194 2821 tri-

151 2840 242 2907 umpho
261 2840 288 2891 G.
308 2840 435 2892 Flaminii
456 2840 546 2894 scribit
563 2840 715 2893 Plutarchus
739 2845 768 2891 in
786 2840 909 2892 Marcello
933 2839 977 2907 (p.
996 2838 1086 2905 299).·
1111 2840 1195 2905 Quum

153 2928 265 2980 stupores
282 2912 346 2964 citio
369 2920 467 2963 mentes
495 2929 548 2963 esse
574 2914 688 2964 consules
706 2912 863 2964 Flaminium
880 2912 1038 2980 Furiumque
1063 2912 1194 2978 dicissent,

151 2988 266 3034 senatum
283 3000 323 3035 eos
340 2984 463 3052 extemplo
480 2983 512 3035 ob
530 2987 647 3035 exercitu
671 2984 765 3035 litteris
783 2985 881 3034 emissis
904 2999 1049 3035 revocasse:
1075 2990 1192 3050 receptas

151 3062 236 3105 autem
253 3055 356 3105 litteras
373 3054 530 3106 Flaminium
556 3072 607 3107 non
633 3063 693 3107 ante
719 3056 857 3124 aperuisse,
882 3072 956 3123 quom
974 3055 1053 3107 hostes
1083 3054 1191 3121 fuderit.

151 3125 242 3193 Itaque
259 3127 286 3177 ei
307 3126 427 3177 redeunti
443 3126 600 3194 triumphum
622 3129 669 3179 oie
693 3142 836 3179 concessum
860 3144 926 3189 esse,
953 3128 1036 3195 ipsum
1060 3128 1194 3195 priuatum
1231 3130 1234 3137 “

151 3196 322 3264 triumphasse
345 3206 420 3265 atque
437 3199 573 3251 consulatu
589 3215 616 3250 se
634 3198 753 3251 abducaris
778 3204 892 3250 canolam
916 3216 977 3250 esse.
1016 3196 1194 3269 Triumphauit

151 3265 182 3319 de
201 3267 290 3321 Gallis.
327 3266 472 3320 Flaminius
490 3285 548 3322 war
566 3272 602 3322 im
619 3269 643 3322 l.
663 3268 750 3323 Rom's
769 3269 821 3324 531
841 3268 938 3322 IIoneui
958 3284 1093 3339 gewesen.

222 3358 473 3426 obrepebatur)
512 3358 538 3413 S.
558 3358 679 3411 obenan
698 3359 726 3411 II.
745 3358 834 3425 522.

222 3446 385 3499 arloersus
412 3449 580 3516 senatum)
628 3445 735 3500 Gronov
763 3446 878 3514 ompfehi
905 3448 952 3498 mit
981 3447 1195 3502 Drakenboroh's
1231 3447 1249 3502 3

150 3513 357 3586 Beistimmung:
376 3520 481 3571 aduerso
500 3528 601 3582 smatu,
620 3518 654 3570 da
671 3519 726 3571 Liv.
741 3517 798 3570 sich
816 3526 890 3570 sonet
908 3517 955 3567 uni
970 3517 1092 3569 ihnliche
1105 3519 1196 3571 Weisn

150 3589 352 3641 nnsnndrttclren
371 3589 455 3658 pilegt
473 3590 541 3658 (vgl.
560 3589 581 3655 l,
598 3588 635 3642 46
652 3592 707 3657 in,
726 3588 771 3654 VI,
789 3587 825 3641 42
844 3596 903 3654 post
922 3587 1006 3654 mede,
1024 3588 1143 3655 XXXIII,
1161 3591 1196 3644 23

150 3661 202 3727 in,
221 3660 339 3726 XXXIX,
356 3661 390 3714 41
410 3661 494 3729 mea,
513 3660 590 3726 XLII,
609 3660 644 3713 22
662 3662 723 3724 in).
759 3658 901 3710 VielleIcht
927 3658 1022 3711 wolite
1048 3658 1113 3711 aber
1140 3660 1195 3712 Liv.

150 3729 208 3783 bier
225 3730 391 3784 bomerhliob
409 3733 534 3798 macheu,
562 3732 623 3784 dass
647 3731 694 3783 dns
719 3728 814 3783 Gceetn
842 3729 913 3781 nieht
930 3728 1003 3783 bloss
1030 3730 1117 3783 wider
1145 3732 1197 3782 den

150 3800 250 3854 Wiilen
268 3804 315 3855 des
334 3804 427 3857 Senatu
446 3804 568 3872 gegeben
587 3803 691 3868 wurde,
708 3801 825 3853 sondcrn
844 3801 904 3853 does
923 3816 952 3853 es
973 3816 1060 3870 gegen
1079 3802 1131 3853 den
1148 3802 1193 3855 So·

151 3881 196 3923 nat
224 3874 354 3941 geriebtet
372 3892 431 3927 wer
448 3876 474 3928 sl.
492 3875 517 3927 b.
537 3876 662 3928 adsersus
678 3882 808 3935 senatnm3
831 3872 886 3941 vgl.
904 3872 948 3939 VI,
968 3872 1003 3927 35
1021 3875 1056 3925 in.
1074 3873 1195 3941 promul-

149 3960 243 4011 paocre
265 3947 330 4015 lepos
348 3964 432 3998 omnus
454 3948 579 3999 adversim
601 3964 659 4015 opes
683 3948 864 4014 patriciorum.
902 3944 981 3998 Sonet
1006 3944 1105 3996 konnte
1132 3959 1193 3996 man

151 4015 219 4067 auch
238 4017 423 4086 vergieicben:
442 4015 487 4083 III,
507 4017 540 4071 67
556 4027 620 4068 extr.
640 4018 764 4069 oioerws
782 4032 826 4066 nos
843 4014 998 4069 Auentinum
1015 4020 1125 4085 capitur,
1144 4017 1194 4067 arl-

150 4101 242 4139 oersus
259 4106 305 4139 nos
329 4090 412 4141 Socer
435 4098 574 4156 occupatur
597 4103 684 4150 mons,·
709 4087 759 4151 IX,
786 4087 821 4141 26
840 4096 904 4139 extr.
928 4089 1052 4140 aduersus
1076 4089 1195 4140 nobilium

152 4162 297 4210 testimonia
320 4163 420 4229 eprepie
449 4160 631 4223 srbsolunntur,⁸
654 4157 772 4225 XXXIV,
797 4158 814 4213 5
836 4159 906 4211 med.
933 4159 999 4211 Tuas
1023 4159 1146 4211 adversm
1171 4168 1194 4210 te

150 4229 274 4299 Oripinm
290 4232 435 4294 reuulsam
457 4230 490 4296 X,
507 4229 541 4284 37
561 4239 643 4298 extr,
669 4229 742 4283 Suet.
762 4228 837 4283 Caes.
857 4231 899 4284 16.
937 4228 1084 4297 Uebrigens
1103 4229 1194 4283 schien

151 4312 180 4352 es
199 4316 389 4371 ingemessen,
416 4302 450 4354 dn
477 4302 521 4355 die
538 4300 633 4357 booten
651 4300 734 4355 Codri.
753 4311 831 4373 atque
854 4317 904 4356 vor
921 4319 972 4355 uno
988 4298 1091 4369 beben,
1119 4300 1192 4355 dicos
